ID,DateTime,Symbol,Quantity,Rate,Side,XRPUSD_BestBid,XRPUSD_BestAsk,XRPEUR_BestBid,XRPEUR_BestAsk,USDEUR_BestBid,USDEUR_BestAsk
409930248,2025-03-29 19:07:57,XRPUSD,42.663999999999994,2.12453,Buy,2.1244099999999997,2.12453,1.9628,1.9631599999999998,,
409930272,2025-03-29 19:08:18,XRPUSD,70.033,2.12607,Buy,2.12568,2.12607,1.9640900000000001,1.96445,,
409930285,2025-03-29 19:08:43,XRPUSD,109.102,2.12356,Buy,2.12335,2.12356,1.96196,1.9622700000000002,,
409930353,2025-03-29 19:09:15,XRPUSD,1107.0,2.12224,Buy,2.12202,2.12224,1.9606400000000002,1.96098,,
409930387,2025-03-29 19:09:56,XRPUSD,2359.14253986,2.11942,Buy,2.11915,2.11947,1.9579099999999998,1.9584,,
409930410,2025-03-29 19:10:12,XRPUSD,60.0,2.11869,Buy,2.11844,2.1188700000000003,1.95728,1.9576799999999999,,
409930445,2025-03-29 19:10:40,XRPUSD,9.381,2.11862,Buy,2.11858,2.11862,1.95753,1.9576099999999999,,
409930446,2025-03-29 19:10:40,XRPUSD,945.0,2.11862,Buy,2.11858,2.11862,1.95753,1.9576099999999999,,
409930463,2025-03-29 19:11:05,XRPUSD,1995.0,2.11922,Buy,2.11859,2.11923,1.9574799999999999,1.9582099999999998,,
409930518,2025-03-29 19:11:35,XRPUSD,947.0,2.11804,Buy,2.11784,2.11804,1.95671,1.95707,,
409930545,2025-03-29 19:11:58,XRPUSD,52.305649,2.11754,Buy,2.1171599999999997,2.11754,1.95616,1.9566299999999999,,
409930559,2025-03-29 19:12:23,XRPUSD,10.3567,2.11786,Buy,2.11785,2.11786,1.95707,1.9576900000000002,,
409930560,2025-03-29 19:12:23,XRPUSD,1.4000000000000001e-05,2.11786,Buy,2.11785,2.11786,1.95707,1.9576900000000002,,
409930601,2025-03-29 19:13:06,XRPUSD,128.839,2.1192,Buy,2.11902,2.1192,1.9578400000000002,1.9582400000000002,,
409930671,2025-03-29 19:14:04,XRPUSD,53.48,2.11726,Buy,2.11637,2.1173900000000003,1.95583,1.95619,,
409930687,2025-03-29 19:14:17,XRPUSD,64.134,2.11611,Buy,2.11591,2.11603,1.95492,1.95523,,
409930768,2025-03-29 19:15:10,XRPUSD,100.0,2.1173900000000003,Buy,2.11727,2.1173900000000003,1.95618,1.9565299999999999,,
409930777,2025-03-29 19:15:13,XRPUSD,30.160999999999998,2.1173900000000003,Buy,2.11721,2.1173900000000003,1.95618,1.9565099999999997,,
409930796,2025-03-29 19:15:23,XRPUSD,25.0,2.1142,Buy,2.1137099999999998,2.11421,1.9525299999999999,1.9539900000000001,,
409930876,2025-03-29 19:16:35,XRPUSD,587.0,2.11362,Buy,2.11342,2.11362,1.9526400000000002,1.95287,,
409930963,2025-03-29 19:17:20,XRPUSD,2363.0192899999997,2.11594,Buy,2.11525,2.116,1.9545599999999999,1.95511,,
409930964,2025-03-29 19:17:20,XRPUSD,3.14e-06,2.11594,Buy,2.11525,2.116,1.9545599999999999,1.95511,,
409930965,2025-03-29 19:17:20,XRPUSD,2362.96012741,2.11599,Buy,2.11525,2.116,1.9545599999999999,1.95511,,
409930966,2025-03-29 19:17:20,XRPUSD,255.43986945,2.116,Buy,2.11525,2.116,1.9545599999999999,1.95511,,
409931097,2025-03-29 19:19:47,XRPUSD,535.92205845,2.12146,Buy,2.12049,2.12163,1.9592200000000002,1.95987,,
409931145,2025-03-29 19:20:25,XRPUSD,18.0,2.11942,Buy,2.1194,2.11943,1.9578200000000001,1.95823,,
409931169,2025-03-29 19:20:42,XRPUSD,24.677816,2.11889,Buy,2.1185400000000003,2.11889,1.9572599999999998,1.9578900000000001,,
409931174,2025-03-29 19:20:44,XRPUSD,9.379,2.1185400000000003,Buy,2.11829,2.1185400000000003,1.95714,1.95755,,
409931196,2025-03-29 19:21:00,XRPUSD,197.771928,2.11888,Buy,2.11828,2.11889,1.95715,1.95807,,
409931237,2025-03-29 19:21:16,XRPUSD,218.767,2.11651,Buy,2.11632,2.1165700000000003,1.9553,1.9557099999999998,,
409931261,2025-03-29 19:21:31,XRPUSD,643.7852059999999,2.1147,Buy,2.11455,2.11484,1.95355,1.95403,,
409931337,2025-03-29 19:22:19,XRPUSD,11.120999999999999,2.11861,Buy,2.11837,2.11861,1.95723,1.9575900000000002,,
409931353,2025-03-29 19:22:35,XRPUSD,947.0,2.11984,Buy,2.11968,2.11984,1.9584400000000002,1.9588,,
409931379,2025-03-29 19:22:59,XRPUSD,46.893,2.11935,Buy,2.11901,2.11935,1.9579099999999998,1.9583400000000002,,
409931404,2025-03-29 19:23:34,XRPUSD,21.596999999999998,2.11836,Buy,2.11816,2.11843,1.95705,1.9575,,
409931412,2025-03-29 19:23:50,XRPUSD,1096.0,2.11767,Buy,2.11765,2.11767,1.95628,1.9566400000000002,,
409931414,2025-03-29 19:24:01,XRPUSD,48.541101,2.11793,Buy,2.1177,2.11793,1.9567,1.95711,,
409931415,2025-03-29 19:24:01,XRPUSD,17.160218,2.1179099999999997,Buy,2.1177,2.1179200000000002,1.9567,1.9572,,
409931442,2025-03-29 19:24:22,XRPUSD,81.66533299999999,2.11836,Buy,2.11816,2.11836,1.95717,1.9575599999999997,,
409931486,2025-03-29 19:24:56,XRPUSD,2361.13763404,2.11763,Buy,2.11758,2.11763,1.9565400000000002,1.9569400000000001,,
409931520,2025-03-29 19:25:06,XRPUSD,10.0,2.1168,Buy,2.1165700000000003,2.1168099999999996,1.9558,1.9561400000000002,,
409931586,2025-03-29 19:25:49,XRPUSD,25.0,2.11872,Buy,2.11844,2.11859,1.9575900000000002,1.95775,,
409931634,2025-03-29 19:26:27,XRPUSD,10.0,2.11976,Buy,2.11928,2.11977,1.95815,1.9587900000000003,,
409931650,2025-03-29 19:26:38,XRPUSD,675.0,2.11945,Buy,2.11905,2.1194599999999997,1.9577900000000001,1.9585599999999999,,
409931651,2025-03-29 19:26:38,XRPUSD,302.0,2.11945,Buy,2.11905,2.1194599999999997,1.9577900000000001,1.9585599999999999,,
409931652,2025-03-29 19:26:38,XRPUSD,278.35625356,2.1194599999999997,Buy,2.11905,2.1194599999999997,1.9577900000000001,1.9585599999999999,,
409931656,2025-03-29 19:26:41,XRPUSD,232.45310446,2.11931,Buy,2.11905,2.11932,1.95812,1.9584400000000002,,
409931661,2025-03-29 19:26:42,XRPUSD,20.554000000000002,2.1196099999999998,Buy,2.11937,2.1196099999999998,1.95832,1.9587400000000001,,
409931710,2025-03-29 19:27:43,XRPUSD,7.044,2.1187099999999996,Buy,2.11857,2.1187099999999996,1.95757,1.9578900000000001,,
409931730,2025-03-29 19:27:56,XRPUSD,1095.0,2.1187099999999996,Buy,2.11844,2.1187099999999996,1.95754,1.9579099999999998,,
409931772,2025-03-29 19:28:32,XRPUSD,44.903,2.1187,Buy,2.11805,2.1187099999999996,1.95711,1.9580799999999998,,
409931817,2025-03-29 19:29:11,XRPUSD,675.0834,2.11748,Buy,2.11726,2.11748,1.95638,1.9569299999999998,,
409931822,2025-03-29 19:29:22,XRPUSD,118.67567299,2.1181400000000004,Buy,2.1180000000000003,2.1181400000000004,1.9569999999999999,1.95738,,
409931833,2025-03-29 19:29:27,XRPUSD,60.496159999999996,2.1187,Buy,2.11869,2.1187,1.95812,1.95845,,
409931834,2025-03-29 19:29:27,XRPUSD,9e-06,2.1187,Buy,2.11869,2.1187,1.9581400000000002,1.95875,,
409931842,2025-03-29 19:29:39,XRPUSD,325.07984185,2.11953,Buy,2.11932,2.11953,1.95828,1.9586299999999999,,
409931891,2025-03-29 19:30:25,XRPUSD,30.128,2.12013,Buy,2.1198599999999996,2.12013,1.9588299999999998,1.9591599999999998,,
409931939,2025-03-29 19:31:13,XRPUSD,896.92820366,2.11908,Buy,2.11883,2.1191400000000002,1.9577799999999999,1.95843,,
409932057,2025-03-29 19:32:59,XRPUSD,250.0,2.11754,Buy,2.11727,2.11754,1.95642,1.9568299999999998,,
409932090,2025-03-29 19:33:26,XRPUSD,2574.4,2.11646,Buy,2.11642,2.11646,1.9556799999999999,1.95617,,
409932130,2025-03-29 19:34:04,XRPUSD,184.97195362,2.1167599999999998,Buy,2.11623,2.11685,1.9558200000000001,1.95622,,
409932138,2025-03-29 19:34:13,XRPUSD,20.0,2.1179,Buy,2.11734,2.11757,1.95652,1.95688,,
409932189,2025-03-29 19:34:57,XRPUSD,31.63361661,2.1179799999999998,Buy,2.11781,2.1179799999999998,1.9568900000000002,1.95727,,
409932195,2025-03-29 19:35:02,XRPUSD,46.919,2.11795,Buy,2.1179200000000002,2.11795,1.9563099999999998,1.9574200000000002,,
409932196,2025-03-29 19:35:03,XRPUSD,100.0,2.11795,Buy,2.1179200000000002,2.11795,1.95668,1.95705,,
409932205,2025-03-29 19:35:05,XRPUSD,357.0,2.11695,Buy,2.11668,2.11695,1.95587,1.9568,,
409932253,2025-03-29 19:35:59,XRPUSD,14.191106900000001,2.11395,Buy,2.11368,2.11396,1.95333,1.95345,,
409932270,2025-03-29 19:36:08,XRPUSD,2.82,2.11478,Buy,2.11477,2.11478,1.9543400000000002,1.9547599999999998,,
409932362,2025-03-29 19:37:24,XRPUSD,5.656291,2.1143099999999997,Buy,2.11409,2.11432,1.95367,1.95406,,
409932363,2025-03-29 19:37:28,XRPUSD,8.191915,2.11449,Buy,2.11421,2.11443,1.95383,1.95416,,
409932382,2025-03-29 19:37:54,XRPUSD,98.83539269,2.1118,Buy,2.11154,2.11186,1.95128,1.9518,,
409932388,2025-03-29 19:37:54,XRPUSD,9.317,2.11183,Buy,2.11144,2.11184,1.95127,1.9517900000000001,,
409932402,2025-03-29 19:38:07,XRPUSD,9.47149081,2.1118200000000003,Buy,2.11147,2.11183,1.9512,1.9515900000000002,,
409932403,2025-03-29 19:38:08,XRPUSD,7.207464,2.11185,Buy,2.11125,2.1120799999999997,1.9511,1.95187,,
409932441,2025-03-29 19:39:03,XRPUSD,6.584,2.11293,Buy,2.11271,2.11293,1.9524400000000002,1.9527700000000001,,
409932498,2025-03-29 19:39:47,XRPUSD,8.132436,2.1141400000000004,Buy,2.11397,2.1141400000000004,1.95356,1.9539,,
409932506,2025-03-29 19:40:00,XRPUSD,1993.0,2.1147,Buy,2.11444,2.1147,1.95405,1.95439,,
409932526,2025-03-29 19:40:17,XRPUSD,140.476,2.1165599999999998,Buy,2.11627,2.1165599999999998,1.9557,1.95612,,
409932569,2025-03-29 19:40:55,XRPUSD,960.0,2.11927,Buy,2.11878,2.11927,1.9582099999999998,1.9586599999999998,,
409932648,2025-03-29 19:42:00,XRPUSD,1360.0,2.12128,Buy,2.12106,2.12128,1.96009,1.96048,,
409932726,2025-03-29 19:43:34,XRPUSD,11.881058,2.1223799999999997,Buy,2.1222,2.1223799999999997,1.96112,1.96143,,
409932727,2025-03-29 19:43:34,XRPUSD,30.792042,2.1223799999999997,Buy,2.1222,2.1223799999999997,1.96112,1.96143,,
409932761,2025-03-29 19:44:01,XRPUSD,23.936176,2.12221,Buy,2.1222,2.12221,1.9604,1.9607900000000003,,
409932887,2025-03-29 19:45:05,XRPUSD,109.265,2.11978,Buy,2.11955,2.11978,1.95865,1.9589900000000002,,
409932960,2025-03-29 19:45:49,XRPUSD,50.88898254,2.12134,Buy,2.12095,2.12135,1.9599400000000002,1.96038,,
409932982,2025-03-29 19:46:02,XRPUSD,93.663,2.1219,Buy,2.1217,2.1219,1.96065,1.9610299999999998,,
409933004,2025-03-29 19:46:21,XRPUSD,11.844000000000001,2.1231,Buy,2.12295,2.12317,1.96177,1.96215,,
409933056,2025-03-29 19:47:10,XRPUSD,17.362000000000002,2.12446,Buy,2.1240200000000002,2.1247,1.9628299999999999,1.9634099999999999,,
409933265,2025-03-29 19:50:04,XRPUSD,400.0,2.12094,Buy,2.12069,2.12094,1.9596900000000002,1.96007,,
409933357,2025-03-29 19:51:28,XRPUSD,40.0,2.1232,Buy,2.12299,2.1232,1.96202,1.96215,,
409933400,2025-03-29 19:52:11,XRPUSD,470.89847428,2.12372,Buy,2.12348,2.12372,1.96222,1.9626400000000002,,
409933436,2025-03-29 19:52:34,XRPUSD,2354.43586003,2.1236599999999997,Buy,2.12338,2.1238200000000003,1.9621,1.96269,,
409933437,2025-03-29 19:52:34,XRPUSD,2181.0,2.1238200000000003,Buy,2.12338,2.1238200000000003,1.9621,1.96269,,
409933438,2025-03-29 19:52:34,XRPUSD,4708.47608828,2.12383,Buy,2.12338,2.1238200000000003,1.9621,1.96269,,
409933463,2025-03-29 19:53:03,XRPUSD,109.139,2.1242900000000002,Buy,2.1240099999999997,2.1242400000000004,1.9627400000000002,1.96305,,
409933496,2025-03-29 19:53:33,XRPUSD,2.945,2.12354,Buy,2.12323,2.12354,1.9617099999999998,1.96243,,
409933641,2025-03-29 19:55:51,XRPUSD,7.661708999999999,2.1237,Buy,2.12348,2.1237,1.96222,1.96258,,
409933764,2025-03-29 19:57:40,XRPUSD,987.0,2.12627,Buy,2.126,2.12635,1.96435,1.96488,,
409933954,2025-03-29 19:59:55,XRPUSD,948.0,2.1312,Buy,2.1309099999999996,2.1312,1.9688900000000003,1.96933,,
409933964,2025-03-29 19:59:59,XRPUSD,44.29600000000001,2.1322900000000002,Buy,2.13151,2.1322900000000002,1.9696,1.97035,,
409934009,2025-03-29 20:00:22,XRPUSD,612.22,2.13022,Buy,2.13021,2.13022,1.9686599999999999,1.9691599999999998,,
409934038,2025-03-29 20:00:48,XRPUSD,21.467,2.1307400000000003,Buy,2.1305,2.1307400000000003,1.96838,1.9690599999999998,,
409934088,2025-03-29 20:01:15,XRPUSD,2593.4,2.1310700000000002,Buy,2.13104,2.1310700000000002,1.9690599999999998,1.9695900000000002,,
409934089,2025-03-29 20:01:16,XRPUSD,2179.0,2.13163,Buy,2.1313400000000002,2.13163,1.9691900000000002,1.96965,,
409934099,2025-03-29 20:01:25,XRPUSD,250.0,2.13026,Buy,2.13005,2.13026,1.9680000000000002,1.96838,,
409934108,2025-03-29 20:01:28,XRPUSD,9.329,2.1297200000000003,Buy,2.1293,2.1299200000000003,1.9674099999999999,1.9678200000000001,,
409934126,2025-03-29 20:01:38,XRPUSD,35.503,2.12909,Buy,2.1286099999999997,2.12909,1.96652,1.96744,,
409934176,2025-03-29 20:02:33,XRPUSD,232.62,2.1312900000000004,Buy,2.1310700000000002,2.1312900000000004,1.96895,1.96935,,
409934184,2025-03-29 20:02:50,XRPUSD,1287.0,2.12969,Buy,2.1291900000000004,2.12985,1.96669,1.96807,,
409934241,2025-03-29 20:03:25,XRPUSD,981.0,2.12818,Buy,2.12817,2.12818,1.9658200000000001,1.96616,,
409934362,2025-03-29 20:05:04,XRPUSD,12.562000000000001,2.12118,Buy,2.12085,2.1216,1.9595,1.96035,,
409934407,2025-03-29 20:05:28,XRPUSD,2359.21390992,2.11935,Buy,2.1191,2.11936,1.9580099999999998,1.95839,,
409934510,2025-03-29 20:06:38,XRPUSD,10.0,2.11915,Buy,2.119,2.11915,1.9578099999999998,1.95828,,
409934624,2025-03-29 20:08:14,XRPUSD,46.818000000000005,2.11927,Buy,2.11862,2.11927,1.9571599999999998,1.95828,,
409934635,2025-03-29 20:08:30,XRPUSD,109.439,2.1194599999999997,Buy,2.11912,2.11968,1.9577200000000001,1.9588400000000001,,
409934636,2025-03-29 20:08:31,XRPUSD,1012.0,2.11918,Buy,2.11912,2.11918,1.95757,1.95858,,
409934705,2025-03-29 20:09:23,XRPUSD,19.67315037,2.12327,Buy,2.1229400000000003,2.12328,1.96147,1.9620900000000001,,
409934794,2025-03-29 20:10:17,XRPUSD,67.631952,2.12189,Buy,2.12161,2.12236,1.96025,1.96114,,
409934812,2025-03-29 20:10:39,XRPUSD,92.536283,2.12155,Buy,2.1208099999999996,2.12157,1.95954,1.9608700000000001,,
409934821,2025-03-29 20:10:46,XRPUSD,106.975,2.1209,Buy,2.12069,2.1209,1.95935,1.95975,,
409934836,2025-03-29 20:11:00,XRPUSD,972.0,2.12078,Buy,2.12073,2.12167,1.95912,1.96016,,
409934843,2025-03-29 20:11:02,XRPUSD,95.941751,2.12094,Buy,2.12079,2.1208,1.95924,1.96007,,
409934875,2025-03-29 20:11:25,XRPUSD,29.002,2.12292,Buy,2.1227,2.12292,1.9614099999999999,1.96177,,
409934973,2025-03-29 20:12:23,XRPUSD,12.174000000000001,2.12318,Buy,2.12276,2.12318,1.96145,1.9619900000000001,,
409935033,2025-03-29 20:12:54,XRPUSD,15.0,2.1206,Buy,2.12038,2.1206,1.9592900000000002,1.95965,,
409935058,2025-03-29 20:13:08,XRPUSD,675.0,2.1206099999999997,Buy,2.12043,2.1206099999999997,1.95935,1.9598,,
409935132,2025-03-29 20:14:06,XRPUSD,35.35133,2.12227,Buy,2.1222,2.12227,1.96097,1.9613200000000002,,
409935138,2025-03-29 20:14:06,XRPUSD,4.6819999999999995,2.12228,Buy,2.12223,2.12228,1.96098,1.9614099999999999,,
409935230,2025-03-29 20:15:24,XRPUSD,23.23,2.11939,Buy,2.11924,2.11939,1.95816,1.95848,,
409935261,2025-03-29 20:15:45,XRPUSD,15.0,2.11774,Buy,2.11751,2.1177599999999996,1.95655,1.95692,,
409935357,2025-03-29 20:16:36,XRPUSD,100.0,2.11796,Buy,2.1179099999999997,2.11796,1.9567900000000003,1.9571900000000002,,
409935439,2025-03-29 20:17:26,XRPUSD,2361.07438328,2.11768,Buy,2.1174,2.11768,1.9566299999999999,1.9571,,
409935440,2025-03-29 20:17:26,XRPUSD,192.22498042,2.11769,Buy,2.1174,2.11768,1.9566299999999999,1.9571,,
409935457,2025-03-29 20:17:31,XRPUSD,24.135938,2.1168299999999998,Buy,2.11659,2.1168299999999998,1.95573,1.9561,,
409935486,2025-03-29 20:17:50,XRPUSD,214.503,2.11705,Buy,2.11636,2.1167,1.95554,1.9559400000000002,,
409935540,2025-03-29 20:18:13,XRPUSD,10.0,2.11757,Buy,2.117,2.11738,1.9561099999999998,1.9569,,
409935589,2025-03-29 20:18:45,XRPUSD,1000.0,2.11939,Buy,2.11938,2.11939,1.9584599999999999,1.95908,,
409935626,2025-03-29 20:19:17,XRPUSD,2586.5,2.11737,Buy,2.11731,2.11737,1.9565,1.9568900000000002,,
409935648,2025-03-29 20:19:38,XRPUSD,2577.6,2.11806,Buy,2.11796,2.11806,1.95701,1.9574,,
409935649,2025-03-29 20:19:38,XRPUSD,2360.48238786,2.11822,Buy,2.11796,2.11806,1.95701,1.9574,,
409935650,2025-03-29 20:19:38,XRPUSD,61.91761214,2.1183799999999997,Buy,2.11796,2.11806,1.95701,1.9574,,
409935651,2025-03-29 20:19:39,XRPUSD,3540.86172972,2.11857,Buy,2.11835,2.11858,1.9573900000000002,1.95775,,
409935652,2025-03-29 20:19:39,XRPUSD,1459.13827028,2.11858,Buy,2.11835,2.11858,1.9573900000000002,1.95775,,
409935658,2025-03-29 20:19:40,XRPUSD,232.0,2.12017,Buy,2.11925,2.11945,1.95786,1.95882,,
409935662,2025-03-29 20:19:49,XRPUSD,7.015,2.1196200000000003,Buy,2.1193400000000002,2.1196200000000003,1.9583400000000002,1.95878,,
409935759,2025-03-29 20:21:05,XRPUSD,5477.614355799999,2.12337,Buy,2.12335,2.12337,1.9623099999999998,1.963,,
409935760,2025-03-29 20:21:05,XRPUSD,3476.5,2.12337,Buy,2.12335,2.12337,1.9623099999999998,1.963,,
409935761,2025-03-29 20:21:05,XRPUSD,5000.0,2.12337,Buy,2.12335,2.12337,1.9623099999999998,1.963,,
409935762,2025-03-29 20:21:05,XRPUSD,3000.0,2.12337,Buy,2.12335,2.12337,1.9623099999999998,1.963,,
409935763,2025-03-29 20:21:05,XRPUSD,1251.26083422,2.12337,Buy,2.12335,2.12337,1.9623099999999998,1.963,,
409935764,2025-03-29 20:21:05,XRPUSD,3400.0,2.12337,Buy,2.12336,2.12337,1.9623099999999998,1.96302,,
409935765,2025-03-29 20:21:05,XRPUSD,2400.0,2.12337,Buy,2.12336,2.12337,1.9623099999999998,1.96302,,
409935766,2025-03-29 20:21:05,XRPUSD,3400.0,2.12337,Buy,2.12336,2.12337,1.9623099999999998,1.96302,,
409935767,2025-03-29 20:21:05,XRPUSD,200.0,2.12337,Buy,2.12336,2.12337,1.9623099999999998,1.96302,,
409935768,2025-03-29 20:21:05,XRPUSD,675.0,2.12337,Buy,2.12336,2.12337,1.9623099999999998,1.96302,,
409935769,2025-03-29 20:21:05,XRPUSD,1739.36032775,2.12337,Buy,2.12336,2.12337,1.9626400000000002,1.96302,,
409935770,2025-03-29 20:21:05,XRPUSD,637.83024566,2.12337,Buy,2.12336,2.12337,1.9626400000000002,1.96302,,
409935771,2025-03-29 20:21:06,XRPUSD,909.47070057,2.12337,Buy,2.12336,2.12337,1.9627599999999998,1.9631299999999998,,
409935773,2025-03-29 20:21:08,XRPUSD,765.68254025,2.12337,Buy,2.12336,2.12337,1.96268,1.96302,,
409935774,2025-03-29 20:21:08,XRPUSD,1166.0650047,2.12337,Buy,2.12336,2.12337,1.96268,1.96302,,
409935775,2025-03-29 20:21:08,XRPUSD,741.27968971,2.12337,Buy,2.12336,2.12337,1.96278,1.9632599999999998,,
409935777,2025-03-29 20:21:12,XRPUSD,1393.82021926,2.12337,Buy,2.12336,2.12337,1.9623700000000002,1.96291,,
409935778,2025-03-29 20:21:12,XRPUSD,675.0,2.12337,Buy,2.12336,2.12337,1.9623700000000002,1.96291,,
409935780,2025-03-29 20:21:12,XRPUSD,3491.20696268,2.12337,Buy,2.12336,2.12337,1.9623700000000002,1.96291,,
409935790,2025-03-29 20:21:20,XRPUSD,5400.59380588,2.12337,Buy,2.12336,2.12337,1.9623599999999999,1.96297,,
409935792,2025-03-29 20:21:22,XRPUSD,5137.0,2.12337,Buy,2.12336,2.12337,1.96216,1.96259,,
409935793,2025-03-29 20:21:22,XRPUSD,1816.40237156,2.12337,Buy,2.12336,2.12337,1.96216,1.96259,,
409935818,2025-03-29 20:22:05,XRPUSD,976.0,2.12302,Buy,2.1228,2.12302,1.9614900000000002,1.96185,,
409935833,2025-03-29 20:22:19,XRPUSD,1983.0,2.12337,Buy,2.12302,2.12337,1.9616099999999999,1.9628,,
409935835,2025-03-29 20:22:23,XRPUSD,7234.92164951,2.12337,Buy,2.12336,2.12337,1.9621400000000002,1.9627,,
409935836,2025-03-29 20:22:23,XRPUSD,1200.0,2.12337,Buy,2.12336,2.12337,1.9621400000000002,1.9627,,
409935837,2025-03-29 20:22:23,XRPUSD,1053.0,2.12337,Buy,2.12336,2.12337,1.9621400000000002,1.9627,,
409935839,2025-03-29 20:22:24,XRPUSD,4271.0,2.12337,Buy,2.12336,2.12337,1.96239,1.9628599999999998,,
409935840,2025-03-29 20:22:25,XRPUSD,7933.0,2.12337,Buy,2.12336,2.12337,1.9624099999999998,1.9628599999999998,,
409935841,2025-03-29 20:22:25,XRPUSD,253.47969463,2.12337,Buy,2.12336,2.12337,1.9624099999999998,1.9628599999999998,,
409935842,2025-03-29 20:22:25,XRPUSD,3034.58626195,2.12337,Buy,2.12336,2.12337,1.96235,1.9634599999999998,,
409935844,2025-03-29 20:22:25,XRPUSD,675.0,2.12337,Buy,2.12336,2.12337,1.96235,1.9634599999999998,,
409935846,2025-03-29 20:22:25,XRPUSD,2374.66395262,2.12337,Buy,2.12336,2.12337,1.96235,1.9634599999999998,,
409935848,2025-03-29 20:22:26,XRPUSD,10309.80960513,2.12337,Buy,2.12336,2.12337,1.9628,1.9632,,
409935886,2025-03-29 20:23:11,XRPUSD,500.0,2.1263,Buy,2.12626,2.1263,1.9645400000000002,1.9649900000000002,,
409935996,2025-03-29 20:24:23,XRPUSD,4.675,2.12538,Buy,2.1252400000000002,2.12538,1.96365,1.96406,,
409936072,2025-03-29 20:25:21,XRPUSD,13.187522,2.12031,Buy,2.12013,2.12099,1.95901,1.95933,,
409936291,2025-03-29 20:28:50,XRPUSD,1035.0,2.1206,Buy,2.12059,2.1206,1.9590900000000002,1.9594900000000002,,
409936322,2025-03-29 20:29:16,XRPUSD,85.516297,2.12237,Buy,2.1221,2.12237,1.9608,1.96128,,
409936400,2025-03-29 20:30:09,XRPUSD,20.490399,2.11908,Buy,2.11873,2.11908,1.9577,1.95815,,
409936419,2025-03-29 20:30:25,XRPUSD,469.12998793,2.11941,Buy,2.11916,2.1194599999999997,1.9581,1.9585099999999998,,
409936420,2025-03-29 20:30:29,XRPUSD,138.228227,2.11892,Buy,2.1186599999999998,2.1189299999999998,1.95765,1.9580400000000002,,
409936446,2025-03-29 20:30:39,XRPUSD,28.139,2.11839,Buy,2.11809,2.1184,1.95718,1.95754,,
409936474,2025-03-29 20:30:45,XRPUSD,26.101570000000002,2.1217,Buy,2.1211,2.1218,1.9600400000000002,1.9608299999999999,,
409936501,2025-03-29 20:31:20,XRPUSD,115.49958189,2.12157,Buy,2.12128,2.1215599999999997,1.96012,1.96045,,
409936508,2025-03-29 20:31:27,XRPUSD,1.869,2.12175,Buy,2.12155,2.12202,1.9602400000000002,1.96091,,
409936528,2025-03-29 20:31:43,XRPUSD,1014.03787171,2.12169,Buy,2.12118,2.12169,1.96016,1.96061,,
409936583,2025-03-29 20:32:44,XRPUSD,187.321,2.12094,Buy,2.12062,2.12101,1.9594599999999998,1.96005,,
409936677,2025-03-29 20:33:53,XRPUSD,1193.471536,2.11995,Buy,2.11935,2.11995,1.95829,1.9593099999999999,,
409936685,2025-03-29 20:33:56,XRPUSD,103.0,2.11972,Buy,2.1196900000000003,2.11972,1.95858,1.9593099999999999,,
409936686,2025-03-29 20:33:56,XRPUSD,0.018586000000000002,2.11972,Buy,2.1196900000000003,2.11972,1.95858,1.9593099999999999,,
409936943,2025-03-29 20:36:43,XRPUSD,85.475,2.1267400000000003,Buy,2.12629,2.1267400000000003,1.96469,1.96531,,
409937022,2025-03-29 20:37:41,XRPUSD,695.4931162,2.12486,Buy,2.1247599999999998,2.12486,1.96318,1.9635099999999999,,
409937026,2025-03-29 20:37:43,XRPUSD,231.81536664,2.12501,Buy,2.125,2.12501,1.9633099999999999,1.96364,,
409937032,2025-03-29 20:37:55,XRPUSD,87.335,2.12379,Buy,2.12367,2.12379,1.9621,1.9625599999999999,,
409937038,2025-03-29 20:38:06,XRPUSD,951.0,2.12378,Buy,2.12376,2.12379,1.96213,1.96248,,
409937066,2025-03-29 20:38:24,XRPUSD,22.0,2.12352,Buy,2.1234599999999997,2.12353,1.9619,1.96229,,
409937087,2025-03-29 20:38:54,XRPUSD,4.676,2.12509,Buy,2.12488,2.12509,1.9633200000000002,1.96374,,
409937106,2025-03-29 20:39:05,XRPUSD,1238.0,2.1252299999999997,Buy,2.1252,2.12527,1.96355,1.9638900000000001,,
409937162,2025-03-29 20:39:44,XRPUSD,43.967012,2.1248,Buy,2.12459,2.1248,1.96305,1.9634599999999998,,
409937321,2025-03-29 20:40:45,XRPUSD,1024.0,2.12069,Buy,2.1204099999999997,2.12075,1.95928,1.9596900000000002,,
409937333,2025-03-29 20:41:03,XRPUSD,0.934,2.1212299999999997,Buy,2.1209700000000002,2.1212400000000002,1.95973,1.9600799999999998,,
409937396,2025-03-29 20:41:50,XRPUSD,1016.0,2.12011,Buy,2.1198099999999998,2.12011,1.9586400000000002,1.9586700000000001,,
409937408,2025-03-29 20:42:09,XRPUSD,7.171839,2.11855,Buy,2.1185400000000003,2.11855,1.95738,1.95757,,
409937419,2025-03-29 20:42:12,XRPUSD,2360.52108051,2.1181799999999997,Buy,2.11807,2.1181799999999997,1.95692,1.95723,,
409937422,2025-03-29 20:42:16,XRPUSD,26.066999999999997,2.11821,Buy,2.1182,2.11821,1.95681,1.9572200000000002,,
409937428,2025-03-29 20:42:22,XRPUSD,383.0,2.1182,Buy,2.1182,2.11821,1.9566299999999999,1.9575599999999997,,
409937429,2025-03-29 20:42:22,XRPUSD,2360.48361588,2.11821,Buy,2.1182,2.11821,1.9566299999999999,1.9575599999999997,,
409937430,2025-03-29 20:42:22,XRPUSD,2181.0,2.11821,Buy,2.1182,2.11821,1.9566299999999999,1.9575599999999997,,
409937431,2025-03-29 20:42:23,XRPUSD,2261.0,2.1183099999999997,Buy,2.11828,2.11832,1.9566599999999998,1.95702,,
409937432,2025-03-29 20:42:24,XRPUSD,4.691,2.11788,Buy,2.11768,2.11788,1.9566700000000001,1.95702,,
409937450,2025-03-29 20:43:07,XRPUSD,49.326741,2.1163,Buy,2.11559,2.1162900000000002,1.95471,1.9556,,
409937534,2025-03-29 20:43:49,XRPUSD,3540.80012739,2.1175599999999997,Buy,2.11732,2.1175599999999997,1.95639,1.9568400000000001,,
409937535,2025-03-29 20:43:49,XRPUSD,2181.0,2.1176,Buy,2.11732,2.1175599999999997,1.95639,1.9568400000000001,,
409937536,2025-03-29 20:43:49,XRPUSD,2361.15990352,2.11761,Buy,2.11732,2.1175599999999997,1.95639,1.9568400000000001,,
409937537,2025-03-29 20:43:49,XRPUSD,2361.08779358,2.11767,Buy,2.11732,2.1175599999999997,1.95639,1.9568400000000001,,
409937538,2025-03-29 20:43:49,XRPUSD,1569.83678651,2.11782,Buy,2.11732,2.1175599999999997,1.95639,1.9568400000000001,,
409937555,2025-03-29 20:44:05,XRPUSD,1.78,2.1166099999999997,Buy,2.11633,2.1166099999999997,1.9555,1.95587,,
409937583,2025-03-29 20:44:29,XRPUSD,918.811,2.11504,Buy,2.1147400000000003,2.11511,1.954,1.95452,,
409937584,2025-03-29 20:44:30,XRPUSD,50.0,2.11482,Buy,2.11439,2.11482,1.95376,1.9542099999999998,,
409937608,2025-03-29 20:44:50,XRPUSD,23.081,2.11313,Buy,2.11282,2.1130299999999997,1.95223,1.95261,,
409937616,2025-03-29 20:44:59,XRPUSD,9.46521533,2.11294,Buy,2.11272,2.11299,1.95216,1.95252,,
409937662,2025-03-29 20:45:32,XRPUSD,931.85955277,2.1125700000000003,Buy,2.1122799999999997,2.1125700000000003,1.95173,1.95215,,
409937683,2025-03-29 20:45:56,XRPUSD,250.0,2.11456,Buy,2.1143400000000003,2.11456,1.95365,1.95402,,
409937696,2025-03-29 20:46:06,XRPUSD,17.151,2.1142,Buy,2.1141099999999997,2.11436,1.95324,1.95367,,
409937718,2025-03-29 20:46:42,XRPUSD,9.448,2.11385,Buy,2.11363,2.11385,1.9530299999999998,1.9534099999999999,,
409937749,2025-03-29 20:46:58,XRPUSD,177.40142394,2.11121,Buy,2.11088,2.11121,1.95049,1.95087,,
409937761,2025-03-29 20:47:08,XRPUSD,25.0,2.10986,Buy,2.10955,2.10974,1.94924,1.94973,,
409937812,2025-03-29 20:47:58,XRPUSD,9.49036727,2.10733,Buy,2.10702,2.10733,1.9468400000000001,1.9470599999999998,,
409937851,2025-03-29 20:48:25,XRPUSD,1587.1438382000001,2.10875,Buy,2.10836,2.10863,1.9481,1.9488900000000002,,
409937861,2025-03-29 20:48:28,XRPUSD,116.47789482,2.10906,Buy,2.10875,2.10907,1.94851,1.9488900000000002,,
409937864,2025-03-29 20:48:30,XRPUSD,96.82700000000001,2.10889,Buy,2.10866,2.1089,1.94839,1.94881,,
409937876,2025-03-29 20:48:36,XRPUSD,28.528346999999997,2.10786,Buy,2.10712,2.10736,1.94682,1.9473900000000002,,
409937882,2025-03-29 20:48:39,XRPUSD,2373.0,2.10645,Buy,2.10644,2.10645,1.9460400000000002,1.9466,,
409937883,2025-03-29 20:48:39,XRPUSD,2181.0,2.10645,Buy,2.10644,2.10645,1.9460400000000002,1.9466,,
409937884,2025-03-29 20:48:39,XRPUSD,2373.5703674,2.1065400000000003,Buy,2.10644,2.10645,1.9460400000000002,1.9466,,
409937885,2025-03-29 20:48:39,XRPUSD,4554.4296326,2.10657,Buy,2.10644,2.1065400000000003,1.94583,1.94659,,
409937889,2025-03-29 20:48:41,XRPUSD,2181.0,2.10587,Buy,2.10537,2.10588,1.94534,1.9460099999999998,,
409937890,2025-03-29 20:48:41,XRPUSD,2374.30432883,2.10588,Buy,2.10537,2.10588,1.94534,1.9460099999999998,,
409937892,2025-03-29 20:48:43,XRPUSD,2374.5879198000002,2.10563,Buy,2.1052400000000002,2.1055599999999997,1.94523,1.94565,,
409937898,2025-03-29 20:48:47,XRPUSD,2181.0,2.1066700000000003,Buy,2.10612,2.1066700000000003,1.94612,1.9467599999999998,,
409937899,2025-03-29 20:48:47,XRPUSD,2373.0,2.10668,Buy,2.10612,2.1066700000000003,1.94612,1.9467599999999998,,
409937900,2025-03-29 20:48:47,XRPUSD,2373.42523235,2.1066599999999998,Buy,2.10612,2.1066700000000003,1.94612,1.9467599999999998,,
409937901,2025-03-29 20:48:47,XRPUSD,2584.0,2.1067099999999996,Buy,2.10612,2.1067099999999996,1.94612,1.9467599999999998,,
409937902,2025-03-29 20:48:47,XRPUSD,2162.0,2.1068700000000002,Buy,2.10612,2.1067099999999996,1.94612,1.9467599999999998,,
409937903,2025-03-29 20:48:48,XRPUSD,2181.0,2.1068599999999997,Buy,2.1063400000000003,2.1071299999999997,1.94609,1.94681,,
409937904,2025-03-29 20:48:48,XRPUSD,4745.81419188,2.10712,Buy,2.1063400000000003,2.1071299999999997,1.94609,1.94681,,
409937905,2025-03-29 20:48:48,XRPUSD,2372.90709594,2.10712,Buy,2.1063400000000003,2.1071299999999997,1.94609,1.94681,,
409937906,2025-03-29 20:48:48,XRPUSD,2372.8845734,2.1071400000000002,Buy,2.1063400000000003,2.1071299999999997,1.94609,1.94681,,
409937907,2025-03-29 20:48:48,XRPUSD,2373.11630049,2.1069400000000003,Buy,2.10637,2.10688,1.9462099999999998,1.94692,,
409937908,2025-03-29 20:48:48,XRPUSD,4745.81419188,2.10712,Buy,2.10637,2.10688,1.9462099999999998,1.94692,,
409937909,2025-03-29 20:48:48,XRPUSD,2181.0,2.10711,Buy,2.10637,2.10688,1.9462099999999998,1.94692,,
409937910,2025-03-29 20:48:48,XRPUSD,2567.0,2.10725,Buy,2.10637,2.10688,1.9462099999999998,1.94692,,
409937912,2025-03-29 20:48:48,XRPUSD,3323.4,2.10727,Buy,2.1064,2.10725,1.9463,1.9472900000000002,,
409937913,2025-03-29 20:48:49,XRPUSD,2372.85865969,2.10717,Buy,2.10644,2.10722,1.9463099999999998,1.94728,,
409937914,2025-03-29 20:48:49,XRPUSD,2181.0,2.10722,Buy,2.10644,2.10722,1.9463099999999998,1.94728,,
409937915,2025-03-29 20:48:49,XRPUSD,2372.78322726,2.10723,Buy,2.10644,2.10722,1.9463099999999998,1.94728,,
409937969,2025-03-29 20:49:33,XRPUSD,2181.0,2.10758,Buy,2.1072900000000003,2.10758,1.94714,1.9475200000000001,,
409937970,2025-03-29 20:49:33,XRPUSD,154.15357745,2.1076099999999998,Buy,2.1072900000000003,2.10758,1.94714,1.9475200000000001,,
409938005,2025-03-29 20:49:48,XRPUSD,58.0,2.10257,Buy,2.10201,2.1023400000000003,1.94197,1.9432200000000002,,
409938057,2025-03-29 20:50:35,XRPUSD,3560.70587938,2.1059099999999997,Buy,2.10537,2.1057,1.94504,1.94577,,
409938080,2025-03-29 20:50:52,XRPUSD,4.0,2.1057099999999997,Buy,2.10548,2.1057099999999997,1.94537,1.94602,,
409938082,2025-03-29 20:50:53,XRPUSD,46.66769335,2.10564,Buy,2.10548,2.10564,1.9453799999999999,1.9457400000000002,,
409938092,2025-03-29 20:51:02,XRPUSD,250.51027799999997,2.10481,Buy,2.1048,2.10481,1.9445299999999999,1.9449599999999998,,
409938093,2025-03-29 20:51:03,XRPUSD,25.142342000000003,2.10481,Buy,2.1048,2.10481,1.9445400000000002,1.94514,,
409938227,2025-03-29 20:53:20,XRPUSD,1049.0,2.1076200000000003,Buy,2.1076,2.1076200000000003,1.94713,1.94796,,
409938278,2025-03-29 20:54:09,XRPUSD,14.721851999999998,2.10417,Buy,2.10375,2.10417,1.94387,1.9443,,
409938290,2025-03-29 20:54:17,XRPUSD,81.84453102,2.10478,Buy,2.10455,2.10478,1.94458,1.9449599999999998,,
409938328,2025-03-29 20:54:49,XRPUSD,3563.26945,2.1045700000000003,Buy,2.1044099999999997,2.1045700000000003,1.94445,1.9447900000000002,,
409938329,2025-03-29 20:54:49,XRPUSD,7.9e-07,2.1045700000000003,Buy,2.1044099999999997,2.1045700000000003,1.94445,1.9447900000000002,,
409938330,2025-03-29 20:54:49,XRPUSD,2375.77733921,2.10458,Buy,2.1044099999999997,2.1045700000000003,1.94445,1.9447900000000002,,
409938331,2025-03-29 20:54:49,XRPUSD,1.032e-05,2.10458,Buy,2.1044099999999997,2.1045700000000003,1.94445,1.9447900000000002,,
409938332,2025-03-29 20:54:49,XRPUSD,2200.0,2.10467,Buy,2.1044099999999997,2.1045700000000003,1.94445,1.9447900000000002,,
409938365,2025-03-29 20:55:11,XRPUSD,250.69575,2.1049900000000004,Buy,2.10475,2.105,1.94452,1.9448900000000002,,
409938392,2025-03-29 20:55:30,XRPUSD,2200.0,2.1028599999999997,Buy,2.10285,2.1028599999999997,1.9432200000000002,1.94355,,
409938393,2025-03-29 20:55:30,XRPUSD,2172.8334,2.1028599999999997,Buy,2.10285,2.1028599999999997,1.9432200000000002,1.94355,,
409938394,2025-03-29 20:55:30,XRPUSD,48.19,2.1028599999999997,Buy,2.10285,2.1028599999999997,1.9432200000000002,1.94355,,
409938395,2025-03-29 20:55:30,XRPUSD,675.0,2.1028599999999997,Buy,2.10285,2.1028599999999997,1.9432200000000002,1.94355,,
409938396,2025-03-29 20:55:30,XRPUSD,675.0,2.1028599999999997,Buy,2.10285,2.1028599999999997,1.9432200000000002,1.94355,,
409938397,2025-03-29 20:55:30,XRPUSD,6064.63557447,2.1028599999999997,Buy,2.10285,2.1028599999999997,1.9432200000000002,1.94442,,
409938398,2025-03-29 20:55:30,XRPUSD,2091.1354866,2.1028599999999997,Buy,2.10285,2.1028599999999997,1.9432200000000002,1.94442,,
409938400,2025-03-29 20:55:30,XRPUSD,237.22657994,2.1028599999999997,Buy,2.10285,2.1028599999999997,1.9432200000000002,1.94442,,
409938401,2025-03-29 20:55:30,XRPUSD,8081.46880642,2.1028599999999997,Buy,2.10285,2.1028599999999997,1.9432200000000002,1.94442,,
409938413,2025-03-29 20:55:42,XRPUSD,9.0,2.1032599999999997,Buy,2.1029400000000003,2.1032599999999997,1.9432,1.9435900000000002,,
409938456,2025-03-29 20:56:12,XRPUSD,10.0,2.1047,Buy,2.10423,2.10505,1.9444,1.9453099999999999,,
409938501,2025-03-29 20:57:10,XRPUSD,61.44005326,2.1027299999999998,Buy,2.10244,2.1027299999999998,1.9426299999999999,1.9430900000000002,,
409938593,2025-03-29 20:58:22,XRPUSD,1.8,2.10533,Buy,2.10505,2.10533,1.94501,1.94547,,
409938650,2025-03-29 20:59:02,XRPUSD,44.065,2.10253,Buy,2.10224,2.10253,1.94245,1.9428599999999998,,
409938667,2025-03-29 20:59:14,XRPUSD,14.320485999999999,2.10323,Buy,2.10296,2.10324,1.94313,1.9435200000000001,,
409938715,2025-03-29 20:59:53,XRPUSD,46.08981067,2.1017,Buy,2.10145,2.1017,1.9419,1.94212,,
409938821,2025-03-29 21:00:52,XRPUSD,23.78,2.10585,Buy,2.10584,2.10585,1.94582,1.94713,,
409938833,2025-03-29 21:01:18,XRPUSD,198.157,2.1090299999999997,Buy,2.1082,2.1090299999999997,1.9477400000000002,1.9489299999999998,,
409938994,2025-03-29 21:03:42,XRPUSD,2375.76387414,2.10459,Buy,2.1042099999999997,2.1048299999999998,1.94422,1.9448,,
409938995,2025-03-29 21:03:42,XRPUSD,2652.5,2.1048400000000003,Buy,2.1042099999999997,2.1048299999999998,1.94422,1.9448,,
409938996,2025-03-29 21:03:42,XRPUSD,4476.73612586,2.10506,Buy,2.1042099999999997,2.1048299999999998,1.94422,1.9448,,
409939032,2025-03-29 21:04:05,XRPUSD,57.826966000000006,2.104,Buy,2.10397,2.1040099999999997,1.94365,1.9440400000000002,,
409939109,2025-03-29 21:05:14,XRPUSD,52.998000000000005,2.10276,Buy,2.10197,2.10276,1.94223,1.9429299999999998,,
409939171,2025-03-29 21:06:00,XRPUSD,6190.61759696,2.10697,Buy,2.10696,2.10697,1.9472200000000002,1.9477,,
409939172,2025-03-29 21:06:00,XRPUSD,2050.75379728,2.10697,Buy,2.10696,2.10697,1.9472200000000002,1.9477,,
409939173,2025-03-29 21:06:01,XRPUSD,13004.97782854,2.10697,Buy,2.10696,2.10697,1.9470299999999998,1.9477200000000001,,
409939254,2025-03-29 21:07:10,XRPUSD,1297.0,2.1089900000000004,Buy,2.1087599999999997,2.1089900000000004,1.94848,1.94849,,
409939275,2025-03-29 21:07:23,XRPUSD,131.858,2.1093,Buy,2.10879,2.10942,1.94828,1.9491599999999998,,
409939410,2025-03-29 21:08:41,XRPUSD,22.674056,2.11258,Buy,2.11252,2.11258,1.9515099999999999,1.9515200000000001,,
409939427,2025-03-29 21:09:08,XRPUSD,8.331686999999999,2.11223,Buy,2.11192,2.11223,1.95123,1.9516,,
409939451,2025-03-29 21:09:35,XRPUSD,998.0,2.11217,Buy,2.11203,2.11217,1.95137,1.9516,,
409939452,2025-03-29 21:09:35,XRPUSD,51.453505,2.11217,Buy,2.11203,2.11217,1.95137,1.9516,,
409939454,2025-03-29 21:09:37,XRPUSD,1410.8,2.1122900000000002,Buy,2.11203,2.1122900000000002,1.95135,1.9515900000000002,,
409939474,2025-03-29 21:09:48,XRPUSD,23.454539,2.11248,Buy,2.1122400000000003,2.11248,1.95153,1.95192,,
409939570,2025-03-29 21:11:21,XRPUSD,960.0,2.11516,Buy,2.11515,2.11516,1.9539,1.95432,,
409939577,2025-03-29 21:11:26,XRPUSD,675.0,2.11475,Buy,2.1147400000000003,2.11475,1.95407,1.9544099999999998,,
409939578,2025-03-29 21:11:26,XRPUSD,7011.0,2.11475,Buy,2.1147400000000003,2.11475,1.95407,1.9544099999999998,,
409939579,2025-03-29 21:11:26,XRPUSD,2462.86412351,2.11475,Buy,2.1147400000000003,2.11475,1.95407,1.9544099999999998,,
409939580,2025-03-29 21:11:26,XRPUSD,2800.0,2.11475,Buy,2.1147400000000003,2.11475,1.95407,1.9544099999999998,,
409939581,2025-03-29 21:11:26,XRPUSD,2159.18180616,2.11475,Buy,2.1147400000000003,2.11475,1.9540799999999998,1.95527,,
409939620,2025-03-29 21:11:44,XRPUSD,90.42299999999999,2.11646,Buy,2.11645,2.11646,1.9555099999999999,1.9556099999999998,,
409939717,2025-03-29 21:12:19,XRPUSD,4722.67162222,2.11745,Buy,2.1162,2.11675,1.95534,1.95575,,
409939726,2025-03-29 21:12:22,XRPUSD,23.471999999999998,2.1185099999999997,Buy,2.11805,2.1185099999999997,1.95681,1.9577200000000001,,
409939808,2025-03-29 21:13:06,XRPUSD,0.084,2.1200900000000003,Buy,2.11958,2.1200900000000003,1.9583599999999999,1.9595099999999999,,
409939814,2025-03-29 21:13:17,XRPUSD,2568.0,2.1198599999999996,Buy,2.11984,2.1198599999999996,1.95845,1.95945,,
409939815,2025-03-29 21:13:17,XRPUSD,0.8,2.1198599999999996,Buy,2.11984,2.1198599999999996,1.95845,1.95945,,
409939835,2025-03-29 21:13:35,XRPUSD,1101.0,2.1204099999999997,Buy,2.12018,2.12042,1.9589299999999998,1.9592599999999998,,
409939875,2025-03-29 21:14:11,XRPUSD,1074.0,2.11923,Buy,2.1189,2.11923,1.9578,1.9582700000000002,,
409939880,2025-03-29 21:14:12,XRPUSD,1172.3039999999999,2.11991,Buy,2.1191299999999997,2.11942,1.95795,1.9583700000000002,,
409939892,2025-03-29 21:14:20,XRPUSD,23.441999999999997,2.1198,Buy,2.11972,2.1198,1.95829,1.9587,,
409939901,2025-03-29 21:14:30,XRPUSD,1199.0,2.12052,Buy,2.12026,2.12052,1.95901,1.95938,,
409939953,2025-03-29 21:15:00,XRPUSD,214.98,2.12073,Buy,2.1205,2.12074,1.95923,1.9593900000000002,,
409939954,2025-03-29 21:15:00,XRPUSD,46.77,2.12073,Buy,2.1204400000000003,2.12073,1.95923,1.9593900000000002,,
409940007,2025-03-29 21:15:06,XRPUSD,117.186,2.1197,Buy,2.1193400000000002,2.1197,1.95826,1.9587400000000001,,
409940108,2025-03-29 21:15:36,XRPUSD,20.646797,2.1185400000000003,Buy,2.11777,2.11855,1.95671,1.9575,,
409940261,2025-03-29 21:16:18,XRPUSD,2045.9054079999999,2.11793,Buy,2.11765,2.11793,1.9567299999999999,1.9570400000000001,,
409940315,2025-03-29 21:16:51,XRPUSD,7405.0,2.1161,Buy,2.1156900000000003,2.1161,1.9548,1.95537,,
409940316,2025-03-29 21:16:51,XRPUSD,2617.69674216,2.1161,Buy,2.1156900000000003,2.1161,1.9548,1.95537,,
409940318,2025-03-29 21:16:51,XRPUSD,1791.22727388,2.1161,Buy,2.1158799999999998,2.1161,1.95481,1.9558200000000001,,
409940406,2025-03-29 21:18:05,XRPUSD,5.0,2.1168,Buy,2.11653,2.1168099999999996,1.9556,1.95603,,
409940425,2025-03-29 21:18:18,XRPUSD,12.0,2.11699,Buy,2.11674,2.117,1.9558900000000001,1.9562,,
409940460,2025-03-29 21:19:06,XRPUSD,472.41118669,2.11691,Buy,2.11663,2.11691,1.95567,1.95597,,
409940468,2025-03-29 21:19:15,XRPUSD,11.62194461,2.11808,Buy,2.11658,2.11691,1.9557099999999998,1.9558900000000001,,
409940480,2025-03-29 21:19:25,XRPUSD,1096.0,2.11737,Buy,2.11714,2.11737,1.95616,1.95652,,
409940494,2025-03-29 21:19:45,XRPUSD,1037.0,2.11787,Buy,2.11763,2.11787,1.95655,1.95658,,
409940534,2025-03-29 21:20:32,XRPUSD,2279.0,2.12111,Buy,2.12078,2.12111,1.95954,1.96003,,
409940592,2025-03-29 21:21:17,XRPUSD,107.07600000000001,2.1231400000000002,Buy,2.12283,2.1231400000000002,1.9615599999999997,1.96195,,
409940613,2025-03-29 21:21:45,XRPUSD,12.982264,2.1219799999999998,Buy,2.1217099999999998,2.1219799999999998,1.9604599999999999,1.9608700000000001,,
409940654,2025-03-29 21:22:06,XRPUSD,23.415,2.1217200000000003,Buy,2.1211599999999997,2.12148,1.9600400000000002,1.9604599999999999,,
409940804,2025-03-29 21:24:31,XRPUSD,7.103,2.11804,Buy,2.11783,2.11804,1.95681,1.9572200000000002,,
409940887,2025-03-29 21:25:10,XRPUSD,4.966,2.11927,Buy,2.11899,2.11928,1.9579,1.9583,,
409940978,2025-03-29 21:26:15,XRPUSD,10.431652,2.11611,Buy,2.1158799999999998,2.11618,1.95507,1.95543,,
409941000,2025-03-29 21:26:37,XRPUSD,102.301027,2.11607,Buy,2.11538,2.1160799999999997,1.95442,1.9549900000000002,,
409941038,2025-03-29 21:27:04,XRPUSD,7.232305,2.11545,Buy,2.11541,2.11545,1.9542700000000002,1.95475,,
409941055,2025-03-29 21:27:15,XRPUSD,2364.0,2.11459,Buy,2.11449,2.11459,1.95364,1.95402,,
409941056,2025-03-29 21:27:15,XRPUSD,7.675153999999999,2.11465,Buy,2.11449,2.11459,1.95364,1.95402,,
409941083,2025-03-29 21:27:37,XRPUSD,13.253310999999998,2.11354,Buy,2.1135099999999998,2.11354,1.95262,1.9529900000000002,,
409941145,2025-03-29 21:28:33,XRPUSD,1719.0,2.1106700000000003,Buy,2.11064,2.1106700000000003,1.95035,1.9507400000000001,,
409941147,2025-03-29 21:28:34,XRPUSD,4286.0,2.1106700000000003,Buy,2.1106599999999998,2.1106700000000003,1.95035,1.95071,,
409941149,2025-03-29 21:28:35,XRPUSD,1707.0,2.1106700000000003,Buy,2.1106599999999998,2.1106700000000003,1.95025,1.95069,,
409941153,2025-03-29 21:28:36,XRPUSD,304.0,2.1106700000000003,Buy,2.1106599999999998,2.1106700000000003,1.95033,1.9507900000000002,,
409941154,2025-03-29 21:28:37,XRPUSD,281.0,2.1106700000000003,Buy,2.11064,2.1106700000000003,1.95033,1.9507,,
409941157,2025-03-29 21:28:38,XRPUSD,77.0,2.1106700000000003,Buy,2.11064,2.1106700000000003,1.95033,1.95069,,
409941161,2025-03-29 21:28:39,XRPUSD,188.0,2.1106700000000003,Buy,2.11064,2.1106700000000003,1.95033,1.9507900000000002,,
409941165,2025-03-29 21:28:40,XRPUSD,237.0,2.1106700000000003,Buy,2.11064,2.1106700000000003,1.95033,1.95078,,
409941169,2025-03-29 21:28:41,XRPUSD,316.0,2.1106700000000003,Buy,2.11064,2.1106700000000003,1.95033,1.9507700000000001,,
409941171,2025-03-29 21:28:42,XRPUSD,246.0,2.1106700000000003,Buy,2.11064,2.1106700000000003,1.9504099999999998,1.9507700000000001,,
409941178,2025-03-29 21:28:57,XRPUSD,43.906000000000006,2.11158,Buy,2.11132,2.11158,1.9507700000000001,1.95115,,
409941356,2025-03-29 21:31:23,XRPUSD,53.651531999999996,2.10664,Buy,2.10644,2.10664,1.94623,1.94661,,
409941377,2025-03-29 21:31:33,XRPUSD,2301.0,2.10495,Buy,2.10491,2.10495,1.9452099999999999,1.9456,,
409941378,2025-03-29 21:31:34,XRPUSD,874.0,2.10495,Buy,2.10492,2.10495,1.945,1.94557,,
409941398,2025-03-29 21:31:52,XRPUSD,74.822,2.10296,Buy,2.10265,2.10297,1.94297,1.9433599999999998,,
409941435,2025-03-29 21:32:10,XRPUSD,8.19769547,2.10376,Buy,2.1034900000000003,2.10376,1.9437099999999998,1.94387,,
409941493,2025-03-29 21:32:33,XRPUSD,7.9,2.10763,Buy,2.10757,2.10763,1.9464700000000001,1.9490900000000002,,
409941509,2025-03-29 21:33:10,XRPUSD,122.16743999999998,2.10734,Buy,2.10678,2.10705,1.94652,1.94745,,
409941521,2025-03-29 21:33:21,XRPUSD,465.8185182,2.10528,Buy,2.10471,2.10528,1.94465,1.9454599999999997,,
409941524,2025-03-29 21:33:27,XRPUSD,79.27461764,2.1057,Buy,2.10544,2.1057,1.94544,1.9456,,
409941532,2025-03-29 21:33:35,XRPUSD,113.475967,2.1059099999999997,Buy,2.10566,2.1059099999999997,1.94557,1.9456,,
409941555,2025-03-29 21:33:55,XRPUSD,232.9720713,2.1035,Buy,2.10325,2.1035,1.94345,1.94387,,
409941573,2025-03-29 21:34:06,XRPUSD,21.917322,2.1028599999999997,Buy,2.10269,2.1028700000000002,1.94292,1.9434,,
409941604,2025-03-29 21:34:43,XRPUSD,283.053,2.1071,Buy,2.10615,2.1071,1.9467599999999998,1.94715,,
409941685,2025-03-29 21:36:19,XRPUSD,2.779,2.11028,Buy,2.11006,2.11028,1.9497099999999998,1.9501099999999998,,
409941703,2025-03-29 21:36:46,XRPUSD,110.12899999999999,2.10767,Buy,2.10685,2.1078,1.9464299999999999,1.94795,,
409941723,2025-03-29 21:37:12,XRPUSD,2181.0,2.10807,Buy,2.10784,2.10807,1.94775,1.9481,,
409941724,2025-03-29 21:37:12,XRPUSD,428.04535300000003,2.10814,Buy,2.10784,2.10807,1.94775,1.9481,,
409941728,2025-03-29 21:37:16,XRPUSD,11.773,2.10798,Buy,2.1077,2.10798,1.94764,1.94806,,
409941817,2025-03-29 21:39:07,XRPUSD,13.408584,2.10849,Buy,2.1080900000000002,2.10835,1.94797,1.9484099999999998,,
409941820,2025-03-29 21:39:08,XRPUSD,1162.0,2.1080900000000002,Buy,2.10776,2.1080200000000002,1.94737,1.94806,,
409941832,2025-03-29 21:39:14,XRPUSD,12.009300999999999,2.10723,Buy,2.10697,2.10723,1.9469400000000001,1.94727,,
409941924,2025-03-29 21:41:02,XRPUSD,49.903999999999996,2.1091599999999997,Buy,2.10887,2.1091599999999997,1.9486400000000001,1.9490900000000002,,
409941959,2025-03-29 21:41:38,XRPUSD,474.52985074,2.10918,Buy,2.10889,2.10918,1.9487299999999999,1.94912,,
409941988,2025-03-29 21:41:57,XRPUSD,1668.71086016,2.1099799999999997,Buy,2.10997,2.1099799999999997,1.9498,1.95035,,
409941989,2025-03-29 21:41:57,XRPUSD,4761.0,2.1099799999999997,Buy,2.10997,2.1099799999999997,1.9498,1.95035,,
409941990,2025-03-29 21:41:57,XRPUSD,2347.0,2.1099799999999997,Buy,2.10997,2.1099799999999997,1.9498900000000001,1.95035,,
409941991,2025-03-29 21:41:58,XRPUSD,1928.88175039,2.1099799999999997,Buy,2.10997,2.1099799999999997,1.9498900000000001,1.95035,,
409941992,2025-03-29 21:41:59,XRPUSD,6235.74927631,2.1099799999999997,Buy,2.10997,2.1099799999999997,1.94992,1.95035,,
409942023,2025-03-29 21:42:20,XRPUSD,2181.0,2.11191,Buy,2.11132,2.11191,1.9505299999999999,1.95173,,
409942024,2025-03-29 21:42:20,XRPUSD,2517.9,2.11213,Buy,2.11132,2.11191,1.9505299999999999,1.95173,,
409942033,2025-03-29 21:42:30,XRPUSD,85.912,2.11111,Buy,2.1108,2.11105,1.9504599999999999,1.9508400000000001,,
409942044,2025-03-29 21:42:55,XRPUSD,47.044,2.1123,Buy,2.1118099999999997,2.11236,1.9513900000000002,1.9519400000000002,,
409942420,2025-03-29 21:50:05,XRPUSD,972.0,2.11876,Buy,2.1185099999999997,2.11876,1.95747,1.9574799999999999,,
409942429,2025-03-29 21:50:17,XRPUSD,3539.22376677,2.11943,Buy,2.11901,2.11937,1.9581400000000002,1.95859,,
409942430,2025-03-29 21:50:17,XRPUSD,1132.67623323,2.11963,Buy,2.11892,2.12048,1.9581400000000002,1.95859,,
409942431,2025-03-29 21:50:17,XRPUSD,2359.06500402,2.1194900000000003,Buy,2.11892,2.12048,1.9581400000000002,1.95859,,
409942524,2025-03-29 21:52:08,XRPUSD,25.818,2.11687,Buy,2.1161,2.11687,1.9559799999999998,1.95629,,
409942785,2025-03-29 21:56:16,XRPUSD,1036.0,2.12132,Buy,2.12106,2.12132,1.95996,1.96045,,
409942916,2025-03-29 21:58:12,XRPUSD,95.25568,2.12052,Buy,2.1202799999999997,2.12053,1.95921,1.9595900000000002,,
409943046,2025-03-29 22:00:07,XRPUSD,1181.69206145,2.11558,Buy,2.11535,2.11558,1.95465,1.9550400000000001,,
409943313,2025-03-29 22:04:14,XRPUSD,20.684,2.11711,Buy,2.1168400000000003,2.11711,1.95602,1.95639,,
409943431,2025-03-29 22:06:14,XRPUSD,117.96514194,2.11687,Buy,2.11686,2.11687,1.95635,1.9566299999999999,,
409943535,2025-03-29 22:07:59,XRPUSD,46.935,2.1172299999999997,Buy,2.11701,2.11726,1.95612,1.95652,,
409943541,2025-03-29 22:08:07,XRPUSD,38.892001,2.11606,Buy,2.11605,2.11606,1.95528,1.95534,,
409943603,2025-03-29 22:09:07,XRPUSD,53.37545691,2.11433,Buy,2.11412,2.11433,1.9535,1.9537799999999999,,
409943655,2025-03-29 22:10:03,XRPUSD,10.0,2.11686,Buy,2.11662,2.11686,1.95586,1.95602,,
409943954,2025-03-29 22:15:59,XRPUSD,219.41,2.12006,Buy,2.12005,2.12006,1.9585400000000002,1.9589,,
409944442,2025-03-29 22:22:00,XRPUSD,462.923,2.12094,Buy,2.12072,2.12094,1.9596099999999999,1.9599900000000001,,
409945901,2025-03-29 22:39:07,XRPUSD,27.959,2.1205700000000003,Buy,2.12033,2.1205700000000003,1.9594,1.95975,,
409946294,2025-03-29 22:44:06,XRPUSD,58.09739117,2.11773,Buy,2.11758,2.11773,1.9567400000000001,1.95717,,
409946471,2025-03-29 22:46:03,XRPUSD,28.094,2.11497,Buy,2.11408,2.11464,1.9536,1.9541400000000002,,
409946484,2025-03-29 22:46:09,XRPUSD,127.97328776,2.1146700000000003,Buy,2.11369,2.1146700000000003,1.95385,1.95425,,
409946673,2025-03-29 22:48:02,XRPUSD,1411.7796039,2.11286,Buy,2.11268,2.11287,1.9522099999999998,1.9525599999999999,,
409946972,2025-03-29 22:52:59,XRPUSD,2914.0,2.1145,Buy,2.11426,2.1145,1.95363,1.9540099999999998,,
409956919,2025-03-30 01:36:15,XRPUSD,10.0,2.16242,Buy,2.16214,2.16242,1.9981,1.9985400000000002,,
409956976,2025-03-30 01:36:51,XRPUSD,381.0,2.16301,Buy,2.1627099999999997,2.16302,1.99859,1.99908,,
409956991,2025-03-30 01:37:07,XRPUSD,10.0,2.16477,Buy,2.16474,2.16477,2.0001599999999997,2.0009900000000003,,
409956995,2025-03-30 01:37:10,XRPUSD,11.485,2.1648,Buy,2.16473,2.16485,2.0003900000000003,2.0007900000000003,,
410039566,2025-03-30 16:47:39,XRPUSD,23.233,2.12933,Buy,2.12909,2.12933,1.96727,1.96766,,
410039580,2025-03-30 16:47:58,XRPUSD,1174.5149157,2.1289599999999997,Buy,2.12872,2.1289700000000003,1.9669999999999999,1.96735,,
410039650,2025-03-30 16:49:09,XRPUSD,2348.55931973,2.1289700000000003,Buy,2.12872,2.1289700000000003,1.9668900000000002,1.9673,,
410039651,2025-03-30 16:49:09,XRPUSD,2348.44509659,2.12907,Buy,2.12872,2.1289700000000003,1.9668900000000002,1.9673,,
410039662,2025-03-30 16:49:10,XRPUSD,396.0,2.1291900000000004,Buy,2.12891,2.1291900000000004,1.9670599999999998,1.96755,,
410039702,2025-03-30 16:49:37,XRPUSD,179.0,2.12751,Buy,2.12728,2.12756,1.9654900000000002,1.96605,,
410039749,2025-03-30 16:50:11,XRPUSD,1.0,2.12646,Buy,2.126,2.12647,1.9645700000000001,1.9653200000000002,,
410039759,2025-03-30 16:50:16,XRPUSD,1.0,2.1268599999999998,Buy,2.12656,2.1268700000000003,1.9649299999999998,1.96538,,
410039790,2025-03-30 16:50:46,XRPUSD,1.0,2.12569,Buy,2.1253900000000003,2.12569,1.9638200000000001,1.9643,,
410039807,2025-03-30 16:50:55,XRPUSD,1.0,2.1240799999999997,Buy,2.12341,2.1240799999999997,1.96167,1.96292,,
410039812,2025-03-30 16:51:00,XRPUSD,1.0,2.12448,Buy,2.1241,2.12449,1.96252,1.9632900000000002,,
410039818,2025-03-30 16:51:02,XRPUSD,187.888,2.1236900000000003,Buy,2.12323,2.1237,1.96144,1.9626299999999999,,
410039852,2025-03-30 16:51:11,XRPUSD,1.0,2.12372,Buy,2.1233400000000002,2.1237,1.9618099999999998,1.96242,,
410039915,2025-03-30 16:51:43,XRPUSD,1.0,2.12257,Buy,2.12256,2.12257,1.9614,1.9614099999999999,,
410039998,2025-03-30 16:52:07,XRPUSD,200.0,2.12216,Buy,2.12158,2.12216,1.9601400000000002,1.9610299999999998,,
410040029,2025-03-30 16:52:12,XRPUSD,11.689983999999999,2.12208,Buy,2.12112,2.12205,1.9598099999999998,1.96072,,
410040158,2025-03-30 16:53:05,XRPUSD,9.101071000000001,2.1234,Buy,2.12304,2.12358,1.96186,1.9626400000000002,,
410040206,2025-03-30 16:53:31,XRPUSD,31.963,2.1236099999999998,Buy,2.12305,2.1233,1.9615799999999999,1.96202,,
410040226,2025-03-30 16:53:55,XRPUSD,47.70399999999999,2.12259,Buy,2.12222,2.12235,1.9605,1.9613099999999999,,
410040359,2025-03-30 16:55:35,XRPUSD,468.13199999999995,2.12256,Buy,2.1221799999999997,2.12256,1.9608900000000002,1.96125,,
410040402,2025-03-30 16:55:52,XRPUSD,52.123776,2.12068,Buy,2.12,2.12069,1.95944,1.95945,,
410040416,2025-03-30 16:55:55,XRPUSD,9.43485234,2.11931,Buy,2.11876,2.11931,1.9580000000000002,1.9585099999999998,,
410040432,2025-03-30 16:56:06,XRPUSD,109.165,2.12045,Buy,2.1202099999999997,2.12052,1.95913,1.95945,,
410040502,2025-03-30 16:56:29,XRPUSD,36.69655497,2.11869,Buy,2.11801,2.1187,1.9569999999999999,1.9578799999999998,,
410040524,2025-03-30 16:56:34,XRPUSD,1.0,2.11709,Buy,2.1167599999999998,2.1171599999999997,1.9557799999999999,1.9563599999999999,,
410040533,2025-03-30 16:56:37,XRPUSD,2361.52044132,2.11728,Buy,2.11692,2.11728,1.95586,1.95698,,
410040534,2025-03-30 16:56:37,XRPUSD,1132.38842868,2.11729,Buy,2.11692,2.11728,1.9559400000000002,1.95685,,
410040554,2025-03-30 16:56:41,XRPUSD,9.387,2.1170400000000003,Buy,2.11675,2.1170400000000003,1.9558200000000001,1.95665,,
410040555,2025-03-30 16:56:42,XRPUSD,1.0,2.1171,Buy,2.1166400000000003,2.1171,1.95565,1.9566400000000002,,
410040592,2025-03-30 16:56:45,XRPUSD,944.35065417,2.1170400000000003,Buy,2.1167599999999998,2.1170400000000003,1.9559099999999998,1.9578,,
410040666,2025-03-30 16:57:16,XRPUSD,11.76272,2.12074,Buy,2.12042,2.12075,1.95924,1.95975,,
410040673,2025-03-30 16:57:23,XRPUSD,18.054000000000002,2.12082,Buy,2.12063,2.12082,1.95938,1.95986,,
410040676,2025-03-30 16:57:25,XRPUSD,2698.94549,2.1208299999999998,Buy,2.12082,2.1208299999999998,1.95995,1.96039,,
410040680,2025-03-30 16:57:26,XRPUSD,3e-06,2.1208299999999998,Buy,2.12082,2.1208299999999998,1.9598900000000001,1.96055,,
410040803,2025-03-30 16:58:50,XRPUSD,466.375,2.12308,Buy,2.12279,2.12308,1.9615799999999999,1.96207,,
410040807,2025-03-30 16:58:54,XRPUSD,21.348000000000003,2.1232599999999997,Buy,2.1227099999999997,2.12299,1.9615599999999997,1.9619799999999998,,
410040849,2025-03-30 16:59:13,XRPUSD,6.577999999999999,2.12359,Buy,2.12331,2.12359,1.9621,1.9625099999999998,,
410040884,2025-03-30 16:59:39,XRPUSD,20.471933,2.12262,Buy,2.1222,2.12262,1.9609999999999999,1.9618099999999998,,
410040902,2025-03-30 16:59:58,XRPUSD,10.325610000000001,2.1234900000000003,Buy,2.12303,2.1234900000000003,1.9617,1.9622099999999998,,
410040932,2025-03-30 17:00:21,XRPUSD,88.76149969,2.12454,Buy,2.12422,2.12454,1.9629599999999998,1.96345,,
410040943,2025-03-30 17:00:24,XRPUSD,544.92,2.1244099999999997,Buy,2.12437,2.1244099999999997,1.9635,1.96395,,
410040981,2025-03-30 17:00:58,XRPUSD,233.83,2.12453,Buy,2.1242400000000004,2.12453,1.9629,1.9637099999999998,,
410041194,2025-03-30 17:03:40,XRPUSD,46.818000000000005,2.12263,Buy,2.12257,2.12263,1.96148,1.96154,,
410041196,2025-03-30 17:03:42,XRPUSD,4600.0,2.12263,Buy,2.12262,2.12263,1.96165,1.96203,,
410041197,2025-03-30 17:03:42,XRPUSD,3788.7647,2.12263,Buy,2.12262,2.12263,1.96165,1.96203,,
410041199,2025-03-30 17:03:42,XRPUSD,9.9e-07,2.12263,Buy,2.12262,2.12263,1.96165,1.96203,,
410041203,2025-03-30 17:03:53,XRPUSD,200.0,2.12343,Buy,2.12316,2.12344,1.96196,1.96238,,
410041204,2025-03-30 17:03:53,XRPUSD,34.003,2.12355,Buy,2.12316,2.12344,1.96196,1.96238,,
410041242,2025-03-30 17:04:18,XRPUSD,46.36931091,2.12276,Buy,2.12256,2.12276,1.96134,1.96177,,
410041335,2025-03-30 17:05:06,XRPUSD,0.47600000000000003,2.11972,Buy,2.11951,2.11972,1.9586299999999999,1.95901,,
410041337,2025-03-30 17:05:14,XRPUSD,28.668403,2.1188599999999997,Buy,2.1183799999999997,2.11881,1.95757,1.95797,,
410041355,2025-03-30 17:05:23,XRPUSD,0.466,2.11842,Buy,2.11832,2.11853,1.9574200000000002,1.9578799999999998,,
410041381,2025-03-30 17:05:43,XRPUSD,0.466,2.11995,Buy,2.11953,2.11995,1.9586400000000002,1.9594599999999998,,
410041394,2025-03-30 17:05:55,XRPUSD,0.467,2.119,Buy,2.11869,2.119,1.9579900000000001,1.95829,,
410041395,2025-03-30 17:05:56,XRPUSD,0.466,2.119,Buy,2.11876,2.119,1.9578099999999998,1.9592,,
410041472,2025-03-30 17:06:15,XRPUSD,12.071349,2.1158900000000003,Buy,2.11523,2.1158900000000003,1.955,1.9554900000000002,,
410041510,2025-03-30 17:06:19,XRPUSD,4.689,2.11539,Buy,2.11488,2.11539,1.9543700000000002,1.95502,,
410041556,2025-03-30 17:06:48,XRPUSD,75.81909168,2.11822,Buy,2.11765,2.11823,1.9574799999999999,1.9576099999999999,,
410041591,2025-03-30 17:07:09,XRPUSD,2058.0,2.1180000000000003,Buy,2.1179900000000003,2.1180000000000003,1.9575200000000001,1.95797,,
410041610,2025-03-30 17:07:17,XRPUSD,0.9359999999999999,2.1190900000000004,Buy,2.11781,2.1179799999999998,1.95725,1.9574599999999998,,
410041671,2025-03-30 17:08:00,XRPUSD,46.49042285,2.1172299999999997,Buy,2.1171900000000003,2.1172299999999997,1.9565700000000001,1.9570400000000001,,
410041675,2025-03-30 17:08:03,XRPUSD,1395.1989999999998,2.1172299999999997,Buy,2.11722,2.1172299999999997,1.95658,1.9570599999999998,,
410041718,2025-03-30 17:08:25,XRPUSD,1179.1026,2.12016,Buy,2.12015,2.12016,1.95943,1.9598200000000001,,
410041742,2025-03-30 17:08:54,XRPUSD,2582.0,2.12397,Buy,2.12237,2.12264,1.96143,1.96163,,
410041743,2025-03-30 17:08:54,XRPUSD,675.0,2.12436,Buy,2.12237,2.12264,1.96143,1.96163,,
410041746,2025-03-30 17:08:54,XRPUSD,675.0,2.12491,Buy,2.12237,2.12264,1.96143,1.96163,,
410041747,2025-03-30 17:08:54,XRPUSD,8477.86608498,2.12491,Buy,2.12237,2.12264,1.96143,1.96163,,
410041748,2025-03-30 17:08:54,XRPUSD,675.0,2.12564,Buy,2.12237,2.12264,1.96143,1.96163,,
410041749,2025-03-30 17:08:54,XRPUSD,675.0,2.12586,Buy,2.12237,2.12264,1.96143,1.96163,,
410041750,2025-03-30 17:08:54,XRPUSD,675.0,2.1263,Buy,2.12237,2.12264,1.96143,1.96163,,
410041751,2025-03-30 17:08:54,XRPUSD,675.0,2.12652,Buy,2.12237,2.12264,1.96143,1.96163,,
410041752,2025-03-30 17:08:54,XRPUSD,7567.0,2.1266,Buy,2.12237,2.12264,1.96143,1.96163,,
410041755,2025-03-30 17:08:54,XRPUSD,231.80611736,2.12696,Buy,2.12237,2.12264,1.96143,1.96163,,
410041757,2025-03-30 17:08:54,XRPUSD,443.19388264,2.12696,Buy,2.12237,2.12264,1.96143,1.96163,,
410041758,2025-03-30 17:08:54,XRPUSD,232.82518121,2.12701,Buy,2.12237,2.12264,1.96143,1.96163,,
410041759,2025-03-30 17:08:54,XRPUSD,44380.0,2.12702,Buy,2.12237,2.12264,1.96143,1.96163,,
410041760,2025-03-30 17:08:54,XRPUSD,765.15325924,2.12717,Buy,2.12237,2.12264,1.96143,1.96163,,
410041761,2025-03-30 17:08:54,XRPUSD,675.0,2.12718,Buy,2.12237,2.12264,1.96143,1.96163,,
410041762,2025-03-30 17:08:54,XRPUSD,10464.52338668,2.12735,Buy,2.12237,2.12264,1.96143,1.96163,,
410041764,2025-03-30 17:08:54,XRPUSD,675.0,2.12735,Buy,2.12263,2.12696,1.96144,1.96615,,
410041769,2025-03-30 17:08:54,XRPUSD,3033.0,2.12456,Buy,2.12263,2.12696,1.96144,1.96615,,
410041772,2025-03-30 17:08:54,XRPUSD,675.0,2.1296,Buy,2.12263,2.12696,1.96144,1.96615,,
410041773,2025-03-30 17:08:54,XRPUSD,675.0,2.13004,Buy,2.12263,2.12696,1.96144,1.96615,,
410041777,2025-03-30 17:08:54,XRPUSD,2032.9386547000001,2.12668,Buy,2.12336,2.1318,1.96144,1.9674900000000002,,
410041778,2025-03-30 17:08:54,XRPUSD,621.53030817,2.12668,Buy,2.12336,2.1318,1.96144,1.9674900000000002,,
410041779,2025-03-30 17:08:54,XRPUSD,2349.86447954,2.12668,Buy,2.12336,2.1318,1.96144,1.9674900000000002,,
410041780,2025-03-30 17:08:54,XRPUSD,1450.23687734,2.12668,Buy,2.12336,2.1318,1.96144,1.9674900000000002,,
410041781,2025-03-30 17:08:54,XRPUSD,237.10525774,2.1287700000000003,Buy,2.12336,2.1318,1.96144,1.9674900000000002,,
410041782,2025-03-30 17:08:54,XRPUSD,24883.0,2.1287700000000003,Buy,2.12336,2.1318,1.96144,1.9674900000000002,,
410041783,2025-03-30 17:08:54,XRPUSD,675.0,2.1287700000000003,Buy,2.12336,2.1318,1.96144,1.9674900000000002,,
410041787,2025-03-30 17:08:54,XRPUSD,11248.0,2.12751,Buy,2.12336,2.1318,1.96144,1.9674900000000002,,
410041788,2025-03-30 17:08:54,XRPUSD,26862.89474226,2.1287700000000003,Buy,2.12336,2.1318,1.96144,1.9674900000000002,,
410041789,2025-03-30 17:08:54,XRPUSD,2344.4659823,2.13269,Buy,2.12336,2.1318,1.96144,1.9674900000000002,,
410041819,2025-03-30 17:08:56,XRPUSD,20.0,2.12915,Buy,2.1274900000000003,2.1291599999999997,1.96777,1.9677799999999999,,
410041841,2025-03-30 17:09:03,XRPUSD,3471.0,2.12792,Buy,2.1278799999999998,2.12791,1.9666,1.9672900000000002,,
410041843,2025-03-30 17:09:03,XRPUSD,1981.35342096,2.12792,Buy,2.1278799999999998,2.12792,1.9666599999999999,1.96728,,
410041844,2025-03-30 17:09:04,XRPUSD,2827.94657,2.12792,Buy,2.1278799999999998,2.12792,1.9669,1.9674099999999999,,
410041910,2025-03-30 17:09:45,XRPUSD,5164.00701502,2.1264,Buy,2.12636,2.1264,1.96485,1.9658099999999998,,
410041917,2025-03-30 17:09:50,XRPUSD,4717.53439586,2.1273400000000002,Buy,2.12731,2.1273400000000002,1.96593,1.96682,,
410041947,2025-03-30 17:10:15,XRPUSD,6.53001,2.12871,Buy,2.12869,2.12871,1.96735,1.96793,,
410041948,2025-03-30 17:10:15,XRPUSD,246.899586,2.12871,Buy,2.12869,2.12871,1.96735,1.96793,,
410041956,2025-03-30 17:10:27,XRPUSD,118.59860743,2.12964,Buy,2.12909,2.12965,1.96776,1.96815,,
410041965,2025-03-30 17:10:39,XRPUSD,466.13,2.13152,Buy,2.13036,2.13152,1.9690400000000001,1.96997,,
410042000,2025-03-30 17:11:03,XRPUSD,2637.0,2.13191,Buy,2.1318799999999998,2.13191,1.97036,1.9706,,
410042001,2025-03-30 17:11:03,XRPUSD,0.31692952,2.13191,Buy,2.1318799999999998,2.13191,1.97036,1.9706,,
410042037,2025-03-30 17:11:36,XRPUSD,12.288353,2.13144,Buy,2.13124,2.13144,1.9693900000000002,1.9698900000000001,,
410042045,2025-03-30 17:11:42,XRPUSD,20.32466,2.1319,Buy,2.1318900000000003,2.1319,1.96937,1.9708,,
410042047,2025-03-30 17:11:44,XRPUSD,22.385286999999998,2.13218,Buy,2.1318799999999998,2.13218,1.97002,1.97043,,
410042218,2025-03-30 17:13:57,XRPUSD,11.636,2.12886,Buy,2.1286099999999997,2.12886,1.96711,1.9683400000000002,,
410042263,2025-03-30 17:14:25,XRPUSD,23.214000000000002,2.12957,Buy,2.12952,2.12957,1.96783,1.96829,,
410042275,2025-03-30 17:14:30,XRPUSD,37.004,2.12957,Buy,2.12952,2.12957,1.96783,1.96832,,
410042393,2025-03-30 17:15:10,XRPUSD,23.478918,2.13099,Buy,2.13069,2.13099,1.9689599999999998,1.9694099999999999,,
410042427,2025-03-30 17:15:20,XRPUSD,1074.0,2.1311299999999997,Buy,2.131,2.1311299999999997,1.9689,1.96987,,
410042434,2025-03-30 17:15:26,XRPUSD,23.461732,2.13145,Buy,2.13123,2.13145,1.9694,1.96976,,
410042518,2025-03-30 17:16:14,XRPUSD,643.92048122,2.1329599999999997,Buy,2.13315,2.13414,1.97128,1.97215,,
410042540,2025-03-30 17:16:25,XRPUSD,1139.0,2.13448,Buy,2.1337099999999998,2.13449,1.9720099999999998,1.9726299999999999,,
410042632,2025-03-30 17:17:37,XRPUSD,12.5,2.1334299999999997,Buy,2.13295,2.1334400000000002,1.97134,1.9716900000000002,,
410043255,2025-03-30 17:25:23,XRPUSD,95.81200000000001,2.13539,Buy,2.13479,2.1358,1.9732599999999998,1.9734900000000002,,
410043375,2025-03-30 17:27:02,XRPUSD,6.864675,2.13688,Buy,2.13662,2.13688,1.97443,1.9748599999999998,,
410044054,2025-03-30 17:34:09,XRPUSD,11.26760563,2.1299799999999998,Buy,2.12966,2.1299799999999998,1.96805,1.9685099999999998,,
410044067,2025-03-30 17:34:17,XRPUSD,25.433272,2.1304,Buy,2.13013,2.1304,1.9685099999999998,1.9689,,
410044517,2025-03-30 17:38:11,XRPUSD,50.862746,2.1346,Buy,2.1343900000000002,2.1346,1.9724099999999998,1.97271,,
410044648,2025-03-30 17:40:11,XRPUSD,0.46399999999999997,2.13265,Buy,2.13227,2.13271,1.9706599999999999,1.97107,,
410045178,2025-03-30 17:48:16,XRPUSD,6.6714139999999995,2.13099,Buy,2.1305099999999997,2.13099,1.9686599999999999,1.9695,,
410045457,2025-03-30 17:51:04,XRPUSD,13.90520847,2.1272900000000003,Buy,2.12711,2.1273,1.9656200000000001,1.96603,,
410045625,2025-03-30 17:53:11,XRPUSD,0.46399999999999997,2.12914,Buy,2.12898,2.12914,1.9673900000000002,1.9677099999999998,,
410046809,2025-03-30 18:06:01,XRPUSD,175.998,2.13309,Buy,2.13292,2.13309,1.97108,1.9715099999999999,,
410046956,2025-03-30 18:08:10,XRPUSD,8.7e-06,2.13701,Buy,2.137,2.13701,1.97636,1.9769599999999998,,
410047235,2025-03-30 18:10:11,XRPUSD,42.244,2.1438,Buy,2.14321,2.14373,1.98078,1.9812400000000001,,
410047437,2025-03-30 18:13:00,XRPUSD,1088.0,2.14034,Buy,2.14019,2.14034,1.9780000000000002,1.97807,,
410047596,2025-03-30 18:15:05,XRPUSD,967.0,2.1427099999999997,Buy,2.1421799999999998,2.1427099999999997,1.97976,1.9798,,
410048554,2025-03-30 18:25:10,XRPUSD,1373.0,2.14515,Buy,2.14505,2.14515,1.98225,1.98226,,
410048768,2025-03-30 18:28:16,XRPUSD,15.0,2.14511,Buy,2.14495,2.14512,1.9818900000000002,1.98242,,
410049273,2025-03-30 18:34:08,XRPUSD,127.33200000000001,2.14203,Buy,2.14182,2.14203,1.9791900000000002,1.9796900000000002,,
410049743,2025-03-30 18:39:00,XRPUSD,20.373099,2.1409,Buy,2.1407,2.14091,1.97837,1.9786599999999999,,
410050103,2025-03-30 18:43:08,XRPUSD,10.0,2.1400799999999998,Buy,2.13994,2.14006,1.9775900000000002,1.97785,,
410052075,2025-03-30 19:00:10,XRPUSD,137.91299999999998,2.15987,Buy,2.15915,2.15988,1.99558,1.99655,,
410052851,2025-03-30 19:06:10,XRPUSD,23.126521,2.16129,Buy,2.16047,2.16129,1.9973400000000001,1.9974900000000002,,
410053130,2025-03-30 19:09:09,XRPUSD,105.23200000000001,2.1589,Buy,2.15889,2.1589,1.9941799999999998,1.99452,,
410053334,2025-03-30 19:11:08,XRPUSD,349.39423662,2.157,Buy,2.15678,2.15708,1.99374,1.9937799999999999,,
410054312,2025-03-30 19:21:04,XRPUSD,1270.0,2.15137,Buy,2.15136,2.15137,1.98853,1.9886,,
410056731,2025-03-30 19:46:03,XRPUSD,63.588,2.14623,Buy,2.1459099999999998,2.14623,1.9834599999999998,1.9837900000000002,,
410057463,2025-03-30 19:54:15,XRPUSD,229.66863849,2.14288,Buy,2.1428700000000003,2.14288,1.9804099999999998,1.9808,,
410057711,2025-03-30 19:58:15,XRPUSD,1047.0,2.14318,Buy,2.1430599999999997,2.14318,1.98062,1.98101,,
410057715,2025-03-30 19:58:18,XRPUSD,212.957,2.1428599999999998,Buy,2.14264,2.1428599999999998,1.98035,1.9807299999999999,,
410059164,2025-03-30 20:15:00,XRPUSD,955.0,2.14443,Buy,2.1441,2.14443,1.9813900000000002,1.98175,,
410059356,2025-03-30 20:18:58,XRPUSD,4.0,2.1458,Buy,2.14548,2.14583,1.98292,1.98333,,
410059500,2025-03-30 20:21:06,XRPUSD,0.461,2.14675,Buy,2.14626,2.14675,1.98348,1.98394,,
410059501,2025-03-30 20:21:06,XRPUSD,2329.18892983,2.14667,Buy,2.14633,2.14667,1.9834900000000002,1.98394,,
410059502,2025-03-30 20:21:06,XRPUSD,2133.939,2.14675,Buy,2.14633,2.14667,1.9834900000000002,1.98394,,
410059503,2025-03-30 20:21:06,XRPUSD,2554.52135353,2.14679,Buy,2.14633,2.14667,1.9834900000000002,1.98394,,
410059509,2025-03-30 20:21:13,XRPUSD,2134.4,2.1472,Buy,2.14696,2.1472,1.9840799999999998,1.98446,,
410059510,2025-03-30 20:21:13,XRPUSD,2461.4,2.14721,Buy,2.14696,2.1472,1.9840799999999998,1.98446,,
410059512,2025-03-30 20:21:13,XRPUSD,2328.5990699999998,2.14722,Buy,2.14696,2.1472,1.9840799999999998,1.98446,,
410059513,2025-03-30 20:21:13,XRPUSD,7.74e-06,2.14722,Buy,2.14696,2.1472,1.9840799999999998,1.98446,,
410059514,2025-03-30 20:21:13,XRPUSD,3493.42040226,2.1473400000000002,Buy,2.14696,2.1472,1.9840799999999998,1.98446,,
410059517,2025-03-30 20:21:14,XRPUSD,2328.3103899999996,2.14748,Buy,2.14723,2.14748,1.98432,1.9846599999999999,,
410059640,2025-03-30 20:23:05,XRPUSD,0.461,2.14642,Buy,2.14621,2.14642,1.98333,1.9837099999999999,,
410060106,2025-03-30 20:29:01,XRPUSD,1810.0,2.14256,Buy,2.14255,2.14256,1.98013,1.98048,,
410060107,2025-03-30 20:29:01,XRPUSD,9.40493099,2.14256,Buy,2.14255,2.14256,1.98013,1.98048,,
410060372,2025-03-30 20:34:14,XRPUSD,0.462,2.14083,Buy,2.14062,2.14083,1.9783,1.97859,,
410060717,2025-03-30 20:40:07,XRPUSD,108.704,2.13599,Buy,2.13557,2.13599,1.9732,1.97406,,
410060906,2025-03-30 20:42:14,XRPUSD,24.082326000000002,2.1332,Buy,2.1331900000000004,2.1332,1.97123,1.97124,,
410061046,2025-03-30 20:44:03,XRPUSD,13.808,2.13714,Buy,2.13689,2.13714,1.9746599999999999,1.9750900000000002,,
410061153,2025-03-30 20:45:02,XRPUSD,3.862,2.13473,Buy,2.13425,2.13492,1.9726700000000001,1.9731900000000002,,
410061306,2025-03-30 20:47:06,XRPUSD,42.338,2.13587,Buy,2.1356900000000003,2.13587,1.97364,1.9738200000000001,,
410061309,2025-03-30 20:47:11,XRPUSD,1.0,2.1352599999999997,Buy,2.1352,2.1352700000000002,1.9731400000000001,1.9736,,
410061811,2025-03-30 20:53:05,XRPUSD,700.0,2.13713,Buy,2.13694,2.1371599999999997,1.97449,1.97492,,
410061815,2025-03-30 20:53:09,XRPUSD,20.0,2.1368400000000003,Buy,2.13683,2.1368400000000003,1.97452,1.97458,,
410062180,2025-03-30 20:57:09,XRPUSD,41.373999999999995,2.1328099999999997,Buy,2.1328,2.13312,1.9707400000000002,1.97145,,
410062349,2025-03-30 21:00:10,XRPUSD,993.0,2.13866,Buy,2.13807,2.13847,1.9751900000000002,1.97622,,
410063934,2025-03-30 21:23:10,XRPUSD,1536.0,2.1476,Buy,2.14757,2.1476,1.98355,1.9839099999999998,,
410063945,2025-03-30 21:23:21,XRPUSD,1528.0,2.14761,Buy,2.1476,2.14761,1.9834599999999998,1.9838099999999999,,
410064137,2025-03-30 21:26:27,XRPUSD,2134.4,2.15232,Buy,2.15203,2.15232,1.9878,1.9882900000000001,,
410064138,2025-03-30 21:26:27,XRPUSD,2323.0683581999997,2.15233,Buy,2.15203,2.15232,1.9878,1.9882900000000001,,
410064139,2025-03-30 21:26:27,XRPUSD,1748.5316417999998,2.15247,Buy,2.15203,2.15232,1.9878,1.9882900000000001,,
410064146,2025-03-30 21:26:41,XRPUSD,8.861687,2.15236,Buy,2.15214,2.15236,1.98795,1.98827,,
410064149,2025-03-30 21:26:42,XRPUSD,7.141714,2.15236,Buy,2.15214,2.15236,1.98795,1.98827,,
410064171,2025-03-30 21:27:05,XRPUSD,35.441590000000005,2.15236,Buy,2.15217,2.15236,1.98796,1.98822,,
410064324,2025-03-30 21:29:42,XRPUSD,2323.71161809,2.15173,Buy,2.15172,2.15173,1.98747,1.98787,,
410064325,2025-03-30 21:29:42,XRPUSD,2134.4,2.15173,Buy,2.15172,2.15173,1.98747,1.98787,,
410064326,2025-03-30 21:29:42,XRPUSD,188.88838191,2.15173,Buy,2.15172,2.15173,1.98747,1.98787,,
410064442,2025-03-30 21:30:23,XRPUSD,1929.4,2.15092,Buy,2.15073,2.15092,1.98718,1.9875200000000002,,
410064444,2025-03-30 21:30:27,XRPUSD,3.202,2.1507400000000003,Buy,2.15073,2.1507400000000003,1.98695,1.98728,,
410064472,2025-03-30 21:31:02,XRPUSD,2320.0,2.14785,Buy,2.14775,2.14785,1.98429,1.98472,,
410064646,2025-03-30 21:35:05,XRPUSD,2329.54704287,2.1463400000000004,Buy,2.14626,2.1463400000000004,1.9830299999999998,1.9833900000000002,,
410064880,2025-03-30 21:37:12,XRPUSD,2330.0,2.14125,Buy,2.141,2.14125,1.9795099999999999,1.9799,,
410064885,2025-03-30 21:37:15,XRPUSD,2330.0,2.14118,Buy,2.141,2.14118,1.9795099999999999,1.97984,,
410065368,2025-03-30 21:42:06,XRPUSD,23.957634,2.14463,Buy,2.14456,2.1446400000000003,1.9825,1.98291,,
410065577,2025-03-30 21:46:13,XRPUSD,52.0,2.14494,Buy,2.14468,2.14494,1.9826400000000002,1.98317,,
410065943,2025-03-30 21:50:00,XRPUSD,1.0,2.1364,Buy,2.13639,2.1364,1.9747599999999998,1.9751599999999998,,
410066017,2025-03-30 21:51:01,XRPUSD,29.796799,2.13747,Buy,2.13742,2.13747,1.9760099999999998,1.97642,,
410066019,2025-03-30 21:51:04,XRPUSD,21.333242000000002,2.13747,Buy,2.13742,2.13747,1.9760900000000001,1.9764700000000002,,
410066297,2025-03-30 21:55:06,XRPUSD,91.917,2.1299900000000003,Buy,2.12975,2.1299900000000003,1.9692599999999998,1.9694599999999998,,
410066301,2025-03-30 21:55:06,XRPUSD,31.349715999999997,2.1299900000000003,Buy,2.12975,2.1299900000000003,1.9692599999999998,1.9694599999999998,,
410066302,2025-03-30 21:55:08,XRPUSD,50.0,2.13002,Buy,2.12975,2.13002,1.9692599999999998,1.96948,,
410066354,2025-03-30 21:56:07,XRPUSD,20.029063,2.12768,Buy,2.12757,2.12768,1.9672900000000002,1.96747,,
410066592,2025-03-30 21:57:59,XRPUSD,0.466,2.12135,Buy,2.12131,2.12135,1.9614,1.9614099999999999,,
410066596,2025-03-30 21:58:06,XRPUSD,2526.4,2.12224,Buy,2.1221200000000002,2.12223,1.9617799999999999,1.9623,,
410066597,2025-03-30 21:58:06,XRPUSD,2741.6,2.12227,Buy,2.12213,2.12227,1.9617799999999999,1.9623,,
410066730,2025-03-30 21:59:59,XRPUSD,23.45435781,2.13167,Buy,2.13139,2.13167,1.9705400000000002,1.97095,,
410066996,2025-03-30 22:02:19,XRPUSD,0.466,2.12249,Buy,2.12224,2.1225,1.96223,1.96268,,
410069800,2025-03-30 22:12:08,XRPUSD,50.0,2.11545,Buy,2.11515,2.11545,1.9567,1.95714,,
410071079,2025-03-30 22:19:02,XRPUSD,28.096,2.12144,Buy,2.12114,2.12144,1.96282,1.9632,,
410073952,2025-03-30 22:40:18,XRPUSD,301.0,2.15355,Buy,2.15285,2.15355,1.98955,1.99088,,
410074183,2025-03-30 22:44:10,XRPUSD,23.217585999999997,2.15131,Buy,2.15089,2.15124,1.9877099999999999,1.98863,,
410074294,2025-03-30 22:46:13,XRPUSD,85.301,2.1494400000000002,Buy,2.1482799999999997,2.14914,1.98548,1.9862900000000001,,
410074558,2025-03-30 22:50:05,XRPUSD,9.171,2.14577,Buy,2.14549,2.14577,1.98265,1.9831900000000002,,
410074935,2025-03-30 22:54:12,XRPUSD,43.333999999999996,2.14091,Buy,2.1406400000000003,2.14091,1.97807,1.97849,,
410077898,2025-03-30 23:11:23,XRPUSD,2145.6,2.1404799999999997,Buy,2.14047,2.1404799999999997,1.97682,1.97727,,
410077899,2025-03-30 23:11:23,XRPUSD,854.4,2.1404799999999997,Buy,2.14047,2.1404799999999997,1.97682,1.97727,,
410077912,2025-03-30 23:11:26,XRPUSD,28.98091061,2.1398900000000003,Buy,2.13876,2.1398900000000003,1.97584,1.97702,,
410077914,2025-03-30 23:11:30,XRPUSD,119.33534399999999,2.13903,Buy,2.13882,2.13904,1.97587,1.97597,,
410077932,2025-03-30 23:11:42,XRPUSD,37.391025,2.13884,Buy,2.13883,2.13884,1.97547,1.97586,,
410077942,2025-03-30 23:11:55,XRPUSD,1000.0,2.1389,Buy,2.13876,2.1389,1.9766400000000002,1.97665,,
410077949,2025-03-30 23:12:00,XRPUSD,10.244889,2.13879,Buy,2.13876,2.13879,1.9756599999999997,1.9757,,
410077965,2025-03-30 23:12:12,XRPUSD,46.532,2.13829,Buy,2.1382,2.13829,1.97525,1.9756799999999999,,
410077976,2025-03-30 23:12:18,XRPUSD,42.363,2.13821,Buy,2.1382,2.13821,1.97475,1.9751599999999998,,
410078002,2025-03-30 23:12:27,XRPUSD,102.186358,2.13647,Buy,2.1362,2.1364799999999997,1.9738,1.97432,,
410078005,2025-03-30 23:12:31,XRPUSD,42.3,2.13687,Buy,2.13658,2.13687,1.9739900000000001,1.9744599999999999,,
410078027,2025-03-30 23:13:01,XRPUSD,51.2901,2.13711,Buy,2.13707,2.13711,1.97436,1.975,,
410078031,2025-03-30 23:13:10,XRPUSD,78.344,2.13708,Buy,2.13707,2.13708,1.97481,1.97517,,
410078032,2025-03-30 23:13:10,XRPUSD,5.2000000000000004e-05,2.13708,Buy,2.13707,2.13708,1.97481,1.97517,,
410078066,2025-03-30 23:14:01,XRPUSD,213.343,2.13788,Buy,2.13767,2.13788,1.97518,1.97563,,
410078075,2025-03-30 23:14:16,XRPUSD,37.18748611,2.13826,Buy,2.13824,2.13837,1.975,1.97558,,
410078082,2025-03-30 23:14:21,XRPUSD,28.94708517,2.13802,Buy,2.13802,2.13803,1.9746599999999999,1.97515,,
410078148,2025-03-30 23:15:17,XRPUSD,33.64747534,2.13299,Buy,2.13298,2.13306,1.9705099999999998,1.97101,,
410078156,2025-03-30 23:15:25,XRPUSD,15.214298000000001,2.13171,Buy,2.1317,2.13171,1.9696799999999999,1.97012,,
410078190,2025-03-30 23:16:12,XRPUSD,42.555,2.13366,Buy,2.13302,2.13357,1.97101,1.9715799999999999,,
410078241,2025-03-30 23:17:10,XRPUSD,2005.0244357000001,2.13364,Buy,2.1335599999999997,2.13364,1.9717200000000001,1.97206,,
410078302,2025-03-30 23:17:51,XRPUSD,27.399403999999997,2.1335900000000003,Buy,2.1334,2.1335900000000003,1.9716900000000002,1.97207,,
410078351,2025-03-30 23:18:23,XRPUSD,8.37909152,2.1334299999999997,Buy,2.13301,2.13388,1.97082,1.97238,,
410078375,2025-03-30 23:18:55,XRPUSD,270.02752200000003,2.13101,Buy,2.1307,2.13101,1.96922,1.96967,,
410078379,2025-03-30 23:18:57,XRPUSD,28.93547319,2.13132,Buy,2.1311299999999997,2.13138,1.96935,1.97019,,
410078402,2025-03-30 23:19:31,XRPUSD,1967.884546,2.13263,Buy,2.13242,2.13258,1.97065,1.9710400000000001,,
410078452,2025-03-30 23:20:16,XRPUSD,6.017394,2.1333599999999997,Buy,2.13318,2.1333599999999997,1.97135,1.97183,,
410078533,2025-03-30 23:21:23,XRPUSD,58.31962195,2.1290400000000003,Buy,2.12901,2.1291700000000002,1.9670299999999998,1.96745,,
410078582,2025-03-30 23:22:19,XRPUSD,266.04879652,2.13053,Buy,2.13027,2.13053,1.96888,1.96967,,
410078637,2025-03-30 23:23:17,XRPUSD,85.272,2.12997,Buy,2.12968,2.12989,1.96859,1.9690599999999998,,
410078662,2025-03-30 23:23:44,XRPUSD,6.87702,2.1265099999999997,Buy,2.12582,2.1265099999999997,1.96533,1.96595,,
410078663,2025-03-30 23:23:45,XRPUSD,10.43928642,2.1261099999999997,Buy,2.12583,2.1261099999999997,1.96533,1.9656200000000001,,
410078703,2025-03-30 23:23:56,XRPUSD,10.53523347,2.12468,Buy,2.12411,2.12469,1.9636099999999999,1.96413,,
410078764,2025-03-30 23:24:36,XRPUSD,17.428,2.12398,Buy,2.12355,2.1238099999999998,1.96337,1.96338,,
410078777,2025-03-30 23:24:52,XRPUSD,26.69085729,2.12406,Buy,2.1240099999999997,2.12406,1.96337,1.96338,,
410078779,2025-03-30 23:24:53,XRPUSD,11.101808199999999,2.12505,Buy,2.12403,2.12505,1.96337,1.9641,,
410078795,2025-03-30 23:25:09,XRPUSD,0.16699999999999998,2.12487,Buy,2.12458,2.12487,1.96403,1.96412,,
410078877,2025-03-30 23:27:00,XRPUSD,23.485094,2.1312,Buy,2.13119,2.1312,1.9695099999999999,1.97025,,
410078898,2025-03-30 23:27:13,XRPUSD,46.755,2.12988,Buy,2.12987,2.12988,1.9685099999999998,1.96895,,
410078925,2025-03-30 23:27:44,XRPUSD,2420.0,2.12926,Buy,2.12918,2.12926,1.96823,1.9688299999999999,,
410078936,2025-03-30 23:27:56,XRPUSD,11.37925,2.12895,Buy,2.12858,2.12875,1.96744,1.9678400000000003,,
410078990,2025-03-30 23:28:43,XRPUSD,10.33333288,2.12783,Buy,2.12716,2.12783,1.96573,1.9667400000000002,,
410079124,2025-03-30 23:30:01,XRPUSD,10.43127528,2.12186,Buy,2.12185,2.12257,1.9618200000000001,1.9631299999999998,,
410079138,2025-03-30 23:30:11,XRPUSD,1762.0,2.1236,Buy,2.1228,2.12358,1.963,1.9638099999999998,,
410079167,2025-03-30 23:30:35,XRPUSD,17.053429,2.12197,Buy,2.12196,2.12224,1.9614900000000002,1.96239,,
410079168,2025-03-30 23:30:35,XRPUSD,120.015519,2.12197,Buy,2.12196,2.12197,1.9614099999999999,1.96239,,
410079189,2025-03-30 23:30:50,XRPUSD,93.55799999999999,2.1236900000000003,Buy,2.12368,2.1236900000000003,1.96311,1.9638200000000001,,
410079221,2025-03-30 23:31:12,XRPUSD,1000.0,2.12335,Buy,2.12312,2.12335,1.96301,1.96347,,
410079253,2025-03-30 23:31:39,XRPUSD,23.525205,2.12552,Buy,2.12551,2.12552,1.96402,1.96523,,
410079266,2025-03-30 23:31:50,XRPUSD,100.0,2.12475,Buy,2.1246099999999997,2.12475,1.9640099999999998,1.96452,,
410079306,2025-03-30 23:32:15,XRPUSD,30.569218,2.12162,Buy,2.12161,2.12162,1.96059,1.96097,,
410079313,2025-03-30 23:32:19,XRPUSD,25.95187064,2.12131,Buy,2.1204400000000003,2.1214,1.96007,1.9610299999999998,,
410079396,2025-03-30 23:33:53,XRPUSD,48.96218944,2.12289,Buy,2.12265,2.12297,1.96205,1.9628400000000001,,
410079411,2025-03-30 23:34:18,XRPUSD,22.24372,2.12352,Buy,2.12351,2.12352,1.96262,1.96302,,
410079455,2025-03-30 23:35:01,XRPUSD,28.61546343,2.12463,Buy,2.12462,2.1249599999999997,1.9637,1.9638900000000001,,
410079468,2025-03-30 23:35:28,XRPUSD,1015.2697099999999,2.12669,Buy,2.12668,2.12669,1.96605,1.96695,,
410079469,2025-03-30 23:35:28,XRPUSD,4.74e-06,2.12669,Buy,2.12668,2.12669,1.96605,1.96695,,
410079521,2025-03-30 23:36:13,XRPUSD,1426.84460801,2.1282400000000004,Buy,2.1282099999999997,2.1282400000000004,1.96731,1.96807,,
410079583,2025-03-30 23:36:55,XRPUSD,42.505,2.1302,Buy,2.1292,2.13021,1.96879,1.96928,,
410079609,2025-03-30 23:37:05,XRPUSD,85.167,2.13144,Buy,2.13077,2.13147,1.9698799999999999,1.9705599999999999,,
410079635,2025-03-30 23:37:21,XRPUSD,43.47042717,2.1319,Buy,2.1318799999999998,2.13232,1.9708400000000001,1.97125,,
410079663,2025-03-30 23:38:03,XRPUSD,64.572,2.1353400000000002,Buy,2.13511,2.1353299999999997,1.97357,1.97428,,
410079664,2025-03-30 23:38:04,XRPUSD,15.0,2.1354,Buy,2.13511,2.1354,1.9737200000000001,1.97415,,
410079884,2025-03-30 23:40:59,XRPUSD,1723.5699,2.13523,Buy,2.135,2.13523,1.97331,1.9737099999999999,,
410079891,2025-03-30 23:41:09,XRPUSD,3512.20454684,2.1358900000000003,Buy,2.13531,2.13587,1.9735200000000002,1.97422,,
410079892,2025-03-30 23:41:09,XRPUSD,378.61235510000006,2.1359,Buy,2.13531,2.13587,1.9735200000000002,1.97422,,
410079893,2025-03-30 23:41:09,XRPUSD,378.61235510000006,2.13623,Buy,2.13531,2.13587,1.9735200000000002,1.97422,,
410079905,2025-03-30 23:41:13,XRPUSD,861.785,2.13742,Buy,2.1369,2.13742,1.9751400000000001,1.97603,,
410079923,2025-03-30 23:41:37,XRPUSD,683.13891087,2.13702,Buy,2.13701,2.13702,1.97498,1.9753900000000002,,
410079948,2025-03-30 23:41:59,XRPUSD,430.8925,2.13788,Buy,2.13753,2.13787,1.9756599999999997,1.97615,,
410079996,2025-03-30 23:42:33,XRPUSD,9.7408852,2.13802,Buy,2.13801,2.13802,1.9750900000000002,1.97653,,
410079998,2025-03-30 23:42:36,XRPUSD,215.4462,2.13785,Buy,2.13737,2.13758,1.97548,1.9759400000000003,,
410080023,2025-03-30 23:43:00,XRPUSD,13290.0,2.13651,Buy,2.1365,2.13651,1.9746400000000002,1.9755200000000002,,
410080024,2025-03-30 23:43:00,XRPUSD,2023.0,2.13651,Buy,2.1365,2.13651,1.9746400000000002,1.9755200000000002,,
410080025,2025-03-30 23:43:00,XRPUSD,107.7231,2.13651,Buy,2.1365,2.13651,1.9746400000000002,1.9755200000000002,,
410080026,2025-03-30 23:43:00,XRPUSD,53.8616,2.13651,Buy,2.1365,2.13651,1.97465,1.9757,,
410080027,2025-03-30 23:43:00,XRPUSD,26.9308,2.13651,Buy,2.1365,2.13651,1.97465,1.9757,,
410080028,2025-03-30 23:43:00,XRPUSD,13.4654,2.13651,Buy,2.1365,2.13651,1.97465,1.9757,,
410080029,2025-03-30 23:43:00,XRPUSD,2825.80272,2.13651,Buy,2.1365,2.13651,1.97465,1.9757,,
410080030,2025-03-30 23:43:00,XRPUSD,1899.28237738,2.13651,Buy,2.1365,2.13651,1.97465,1.9757,,
410080035,2025-03-30 23:43:02,XRPUSD,6.7327,2.13809,Buy,2.13721,2.13809,1.9750599999999998,1.9765700000000002,,
410080139,2025-03-30 23:43:49,XRPUSD,708.75,2.14016,Buy,2.1395299999999997,2.14069,1.9769999999999999,1.97852,,
410080140,2025-03-30 23:43:49,XRPUSD,58.794,2.14016,Buy,2.1395299999999997,2.14069,1.9769999999999999,1.97852,,
410080164,2025-03-30 23:44:03,XRPUSD,23.393345,2.14177,Buy,2.1414400000000002,2.14168,1.9787,1.97907,,
410080176,2025-03-30 23:44:18,XRPUSD,23.345177,2.14108,Buy,2.14107,2.14108,1.9780000000000002,1.97865,,
410080403,2025-03-30 23:47:39,XRPUSD,32.25125742,2.1330400000000003,Buy,2.13301,2.1337900000000003,1.97075,1.97185,,
410080450,2025-03-30 23:48:08,XRPUSD,380.41166,2.1323,Buy,2.1322900000000002,2.1323,1.96986,1.97135,,
410080451,2025-03-30 23:48:08,XRPUSD,1.7e-06,2.1323,Buy,2.1322900000000002,2.1323,1.96986,1.97135,,
410080494,2025-03-30 23:48:59,XRPUSD,51.61580542,2.13266,Buy,2.13337,2.13338,1.97029,1.9705700000000002,,
410080642,2025-03-30 23:50:57,XRPUSD,46.595,2.1314599999999997,Buy,2.13145,2.1314599999999997,1.9693200000000002,1.9695200000000002,,
410080646,2025-03-30 23:51:02,XRPUSD,5.905583,2.1314599999999997,Buy,2.13145,2.1314599999999997,1.9693200000000002,1.96934,,
410080727,2025-03-30 23:52:11,XRPUSD,28.99263559,2.1303400000000003,Buy,2.13041,2.13042,1.9675099999999999,1.96787,,
410080803,2025-03-30 23:53:01,XRPUSD,40.60590707,2.1352,Buy,2.13519,2.1352,1.97219,1.97348,,
410080822,2025-03-30 23:53:08,XRPUSD,50.0,2.13406,Buy,2.1336,2.13407,1.9712599999999998,1.9717799999999999,,
410080879,2025-03-30 23:54:07,XRPUSD,699.53532524,2.13627,Buy,2.13446,2.13542,1.9719400000000002,1.97302,,
410080882,2025-03-30 23:54:08,XRPUSD,206.67749842,2.1354,Buy,2.13517,2.1354,1.97258,1.9730299999999998,,
410080893,2025-03-30 23:54:20,XRPUSD,45.57491788,2.13465,Buy,2.1345,2.1350700000000002,1.97174,1.97243,,
410080978,2025-03-30 23:55:40,XRPUSD,63.571000000000005,2.13848,Buy,2.13847,2.13848,1.9753599999999998,1.97574,,
410081017,2025-03-30 23:56:11,XRPUSD,18.80071944,2.13763,Buy,2.13733,2.13764,1.9745400000000002,1.97567,,
410081066,2025-03-30 23:57:14,XRPUSD,25.316999999999997,2.1360799999999998,Buy,2.13595,2.13616,1.97355,1.97423,,
410081073,2025-03-30 23:57:19,XRPUSD,4.0,2.1360799999999998,Buy,2.1360200000000003,2.1360799999999998,1.9735599999999998,1.9743400000000002,,
410081120,2025-03-30 23:58:12,XRPUSD,2341.93349603,2.13499,Buy,2.13478,2.13499,1.97243,1.9728900000000003,,
410081128,2025-03-30 23:58:19,XRPUSD,200.0,2.13498,Buy,2.1348,2.13499,1.9724,1.97278,,
410081132,2025-03-30 23:58:21,XRPUSD,87.05609526,2.13563,Buy,2.13501,2.13563,1.9725099999999998,1.97357,,
410081136,2025-03-30 23:58:24,XRPUSD,11.50308512,2.13556,Buy,2.1352900000000004,2.13556,1.9729,1.9734900000000002,,
410081194,2025-03-30 23:59:32,XRPUSD,64.006,2.13603,Buy,2.13588,2.13603,1.97334,1.9736799999999999,,
410081274,2025-03-31 00:00:30,XRPUSD,600.0,2.1354,Buy,2.13539,2.1354,1.9729400000000001,1.97338,,
410081275,2025-03-31 00:00:30,XRPUSD,0.91,2.1354,Buy,2.13539,2.1354,1.9729400000000001,1.97338,,
410081279,2025-03-31 00:00:35,XRPUSD,47.732473,2.1348599999999998,Buy,2.13466,2.1348599999999998,1.97212,1.9725599999999999,,
410081399,2025-03-31 00:01:24,XRPUSD,451.6,2.13726,Buy,2.13725,2.13726,1.9736599999999997,1.97436,,
410081484,2025-03-31 00:02:05,XRPUSD,44.88832,2.13422,Buy,2.13395,2.13422,1.97123,1.9717099999999999,,
410081499,2025-03-31 00:02:11,XRPUSD,27.39103597,2.13374,Buy,2.1330299999999998,2.13436,1.97062,1.97107,,
410081554,2025-03-31 00:03:02,XRPUSD,29.10124305,2.13715,Buy,2.13598,2.13715,1.97363,1.9747299999999999,,
410081611,2025-03-31 00:03:40,XRPUSD,40.22728726,2.13531,Buy,2.13476,2.13532,1.9724,1.97308,,
410081633,2025-03-31 00:03:57,XRPUSD,13.3109888,2.13441,Buy,2.1343900000000002,2.13441,1.9717,1.9722,,
410081634,2025-03-31 00:03:59,XRPUSD,213.704,2.13429,Buy,2.13405,2.13429,1.9715900000000002,1.97202,,
410081638,2025-03-31 00:04:04,XRPUSD,9.307,2.13407,Buy,2.13405,2.1341799999999997,1.97085,1.9719,,
410081645,2025-03-31 00:04:07,XRPUSD,6.0,2.13309,Buy,2.13265,2.13312,1.9700099999999998,1.97133,,
410081676,2025-03-31 00:04:33,XRPUSD,2339.6159954,2.13711,Buy,2.13701,2.13711,1.97406,1.9745599999999999,,
410081678,2025-03-31 00:04:33,XRPUSD,35.15927403,2.1374400000000002,Buy,2.1369700000000003,2.13755,1.9736599999999997,1.97453,,
410081720,2025-03-31 00:04:57,XRPUSD,2840.0,2.1389400000000003,Buy,2.13879,2.1389400000000003,1.97606,1.9766099999999998,,
410081745,2025-03-31 00:05:19,XRPUSD,21.01604305,2.13547,Buy,2.13496,2.13547,1.9721099999999998,1.97272,,
410081749,2025-03-31 00:05:23,XRPUSD,13.469596,2.13727,Buy,2.13679,2.13727,1.9734099999999999,1.97412,,
410081784,2025-03-31 00:06:03,XRPUSD,22.87207107,2.1354,Buy,2.1351400000000003,2.1355,1.9719400000000002,1.97291,,
410081810,2025-03-31 00:06:28,XRPUSD,21.174062,2.13532,Buy,2.1351,2.13544,1.97228,1.97285,,
410081916,2025-03-31 00:07:37,XRPUSD,54.729,2.12989,Buy,2.12957,2.12988,1.96708,1.96754,,
410081930,2025-03-31 00:07:47,XRPUSD,214.787,2.13076,Buy,2.13046,2.13076,1.96793,1.96843,,
410081961,2025-03-31 00:08:21,XRPUSD,1165.758,2.13127,Buy,2.13109,2.13119,1.96816,1.96911,,
410082074,2025-03-31 00:09:28,XRPUSD,8.24196685,2.13028,Buy,2.12949,2.13028,1.96669,1.96819,,
410082180,2025-03-31 00:10:48,XRPUSD,70.0,2.13258,Buy,2.13213,2.13268,1.96925,1.9698799999999999,,
410082205,2025-03-31 00:11:08,XRPUSD,9.297,2.13381,Buy,2.1333900000000003,2.13373,1.97003,1.9705099999999998,,
410082209,2025-03-31 00:11:15,XRPUSD,3870.0,2.13315,Buy,2.13314,2.13315,1.97017,1.9711,,
410082228,2025-03-31 00:11:35,XRPUSD,20.491,2.13385,Buy,2.1333,2.13367,1.97006,1.97058,,
410082353,2025-03-31 00:13:30,XRPUSD,21.439,2.12941,Buy,2.12932,2.12949,1.96662,1.9670299999999998,,
410082369,2025-03-31 00:14:03,XRPUSD,2816.0,2.12866,Buy,2.12736,2.1276,1.9647599999999998,1.96511,,
410082394,2025-03-31 00:14:24,XRPUSD,51.0,2.1308599999999998,Buy,2.1305400000000003,2.1308599999999998,1.96775,1.9683400000000002,,
410082413,2025-03-31 00:14:43,XRPUSD,108.884,2.13035,Buy,2.1303400000000003,2.13035,1.9670599999999998,1.96722,,
410082436,2025-03-31 00:15:01,XRPUSD,14.850999999999999,2.12909,Buy,2.12852,2.12909,1.96564,1.96638,,
410082536,2025-03-31 00:16:21,XRPUSD,30.548807,2.1271,Buy,2.12698,2.12731,1.9641400000000002,1.96449,,
410082556,2025-03-31 00:16:53,XRPUSD,46.7,2.1279,Buy,2.1278900000000003,2.1279,1.96511,1.9656099999999999,,
410082575,2025-03-31 00:17:12,XRPUSD,44.44,2.12647,Buy,2.12489,2.1261200000000002,1.9625099999999998,1.9638,,
410082583,2025-03-31 00:17:23,XRPUSD,5.0,2.12633,Buy,2.12627,2.12633,1.9630599999999998,1.96357,,
410082640,2025-03-31 00:18:24,XRPUSD,709.5498,2.1254299999999997,Buy,2.12506,2.1254299999999997,1.96226,1.9636200000000001,,
410082641,2025-03-31 00:18:24,XRPUSD,708.75,2.1254299999999997,Buy,2.12506,2.1254299999999997,1.96226,1.9636200000000001,,
410082642,2025-03-31 00:18:24,XRPUSD,708.75,2.1254299999999997,Buy,2.12506,2.1254299999999997,1.96226,1.9636200000000001,,
410082643,2025-03-31 00:18:24,XRPUSD,18.5502,2.1254299999999997,Buy,2.12506,2.1254299999999997,1.96226,1.9636200000000001,,
410082663,2025-03-31 00:18:40,XRPUSD,28.988000000000003,2.12787,Buy,2.1276,2.12787,1.96491,1.96507,,
410082679,2025-03-31 00:18:58,XRPUSD,27.935,2.12839,Buy,2.12814,2.12839,1.9650599999999998,1.96547,,
410082714,2025-03-31 00:19:24,XRPUSD,14.78666677,2.12499,Buy,2.12456,2.12509,1.96212,1.96252,,
410082715,2025-03-31 00:19:25,XRPUSD,1.0,2.12452,Buy,2.12427,2.1249700000000002,1.96192,1.962,,
410082721,2025-03-31 00:19:27,XRPUSD,8.878425,2.12373,Buy,2.12367,2.12373,1.9607299999999999,1.96118,,
410082730,2025-03-31 00:19:27,XRPUSD,10.190021,2.12372,Buy,2.12367,2.12373,1.9607400000000001,1.96163,,
410082768,2025-03-31 00:19:52,XRPUSD,28.71706234,2.12106,Buy,2.1208099999999996,2.12137,1.9580099999999998,1.95915,,
410082775,2025-03-31 00:20:03,XRPUSD,46.826,2.1218,Buy,2.12132,2.12181,1.9590599999999998,1.95976,,
410082821,2025-03-31 00:20:22,XRPUSD,10.47083893,2.11714,Buy,2.1162400000000003,2.11714,1.95553,1.9557099999999998,,
410082926,2025-03-31 00:21:40,XRPUSD,135.393199,2.12045,Buy,2.1196900000000003,2.12045,1.9574599999999998,1.9575099999999999,,
410082964,2025-03-31 00:22:16,XRPUSD,16.28700013,2.11972,Buy,2.1194,2.11972,1.95665,1.95714,,
410082980,2025-03-31 00:22:31,XRPUSD,1.0,2.12023,Buy,2.11959,2.1205,1.95697,1.95743,,
410082985,2025-03-31 00:22:46,XRPUSD,939.421,2.12091,Buy,2.12086,2.12091,1.9577799999999999,1.95807,,
410083039,2025-03-31 00:23:27,XRPUSD,29.38346784,2.1212,Buy,2.1211,2.1212,1.95803,1.95848,,
410083040,2025-03-31 00:23:27,XRPUSD,1.0,2.1212,Buy,2.1211,2.1212,1.95803,1.95848,,
410083052,2025-03-31 00:23:35,XRPUSD,25.096669,2.1181,Buy,2.11714,2.1181099999999997,1.9545700000000001,1.9552,,
410083087,2025-03-31 00:23:55,XRPUSD,1.0,2.11528,Buy,2.1141400000000004,2.1145,1.95183,1.9523700000000002,,
410083106,2025-03-31 00:24:07,XRPUSD,30.0,2.11291,Buy,2.1129,2.11291,1.9499799999999998,1.95144,,
410083110,2025-03-31 00:24:11,XRPUSD,30.615422,2.11295,Buy,2.1129,2.11295,1.95025,1.95102,,
410083166,2025-03-31 00:24:21,XRPUSD,70.442,2.11199,Buy,2.11198,2.11199,1.9496799999999999,1.95015,,
410083201,2025-03-31 00:24:42,XRPUSD,10.0,2.1119,Buy,2.1118900000000003,2.1119,1.94935,1.9496099999999998,,
410083231,2025-03-31 00:25:19,XRPUSD,17.6514815,2.1135099999999998,Buy,2.1131599999999997,2.1141099999999997,1.9511900000000002,1.9521400000000002,,
410083240,2025-03-31 00:25:44,XRPUSD,10.0,2.11438,Buy,2.1142,2.11438,1.95216,1.9525299999999999,,
410083276,2025-03-31 00:26:08,XRPUSD,1.198,2.1125599999999998,Buy,2.1122400000000003,2.1125599999999998,1.9502,1.95091,,
410083283,2025-03-31 00:26:17,XRPUSD,21.618279,2.11258,Buy,2.11255,2.11258,1.9503700000000002,1.95104,,
410083290,2025-03-31 00:26:24,XRPUSD,2690.4,2.11153,Buy,2.11152,2.11153,1.94986,1.95032,,
410083308,2025-03-31 00:26:37,XRPUSD,250.0,2.10988,Buy,2.10987,2.10988,1.94777,1.9482,,
410083317,2025-03-31 00:26:38,XRPUSD,10.50469092,2.10937,Buy,2.1092,2.10967,1.94773,1.94787,,
410083318,2025-03-31 00:26:38,XRPUSD,9.47912223,2.10937,Buy,2.1092,2.10937,1.94773,1.94787,,
410083319,2025-03-31 00:26:38,XRPUSD,10.50452472,2.10967,Buy,2.1092,2.10937,1.94773,1.94787,,
410083332,2025-03-31 00:26:56,XRPUSD,1.0,2.10997,Buy,2.10996,2.10997,1.94787,1.94839,,
410083365,2025-03-31 00:27:22,XRPUSD,51.306695,2.1109999999999998,Buy,2.11099,2.1109999999999998,1.9482599999999999,1.949,,
410083385,2025-03-31 00:27:50,XRPUSD,1.0,2.11139,Buy,2.11138,2.11139,1.9492200000000002,1.9496900000000001,,
410083400,2025-03-31 00:28:12,XRPUSD,2366.46062682,2.11286,Buy,2.1125,2.11287,1.9503599999999999,1.9515099999999999,,
410083401,2025-03-31 00:28:12,XRPUSD,2689.9,2.11287,Buy,2.11328,2.11286,1.9503599999999999,1.9515,,
410083402,2025-03-31 00:28:12,XRPUSD,2230.63937318,2.1131599999999997,Buy,2.11328,2.11286,1.9503599999999999,1.9515,,
410083409,2025-03-31 00:28:27,XRPUSD,10.0,2.11322,Buy,2.11298,2.1135,1.95127,1.9517400000000003,,
410083444,2025-03-31 00:28:59,XRPUSD,231.80611736,2.1126400000000003,Buy,2.11237,2.11238,1.94937,1.9507900000000002,,
410083470,2025-03-31 00:29:30,XRPUSD,547.4163,2.1135099999999998,Buy,2.1135,2.1135099999999998,1.9516099999999998,1.9522599999999999,,
410083471,2025-03-31 00:29:30,XRPUSD,477.2073198,2.1135099999999998,Buy,2.1135,2.1135099999999998,1.9516099999999998,1.9522599999999999,,
410083481,2025-03-31 00:29:43,XRPUSD,10.49625271,2.1135099999999998,Buy,2.11267,2.1135099999999998,1.95075,1.9513200000000002,,
410083509,2025-03-31 00:29:48,XRPUSD,5.0,2.1113299999999997,Buy,2.11095,2.1113299999999997,1.94901,1.9495099999999999,,
410083562,2025-03-31 00:30:04,XRPUSD,1.0,2.10931,Buy,2.10917,2.10932,1.9467400000000001,1.94807,,
410083583,2025-03-31 00:30:14,XRPUSD,1.0,2.10933,Buy,2.1091,2.10917,1.94688,1.9475799999999999,,
410083589,2025-03-31 00:30:15,XRPUSD,1000.0,2.10889,Buy,2.1080400000000004,2.1089,1.9467400000000001,1.94727,,
410083594,2025-03-31 00:30:22,XRPUSD,2370.09508821,2.10962,Buy,2.10961,2.10987,1.9467400000000001,1.9480000000000002,,
410083595,2025-03-31 00:30:22,XRPUSD,200.0,2.10986,Buy,2.10961,2.10987,1.9467400000000001,1.9480000000000002,,
410083596,2025-03-31 00:30:22,XRPUSD,4739.6509721,2.10986,Buy,2.10961,2.10987,1.9467400000000001,1.9480000000000002,,
410083597,2025-03-31 00:30:22,XRPUSD,2369.82548605,2.10986,Buy,2.10961,2.10987,1.9467400000000001,1.9480000000000002,,
410083598,2025-03-31 00:30:22,XRPUSD,2145.6,2.10986,Buy,2.10961,2.10987,1.9467400000000001,1.9480000000000002,,
410083599,2025-03-31 00:30:22,XRPUSD,1148.20372364,2.10987,Buy,2.10961,2.10987,1.9467400000000001,1.9480000000000002,,
410083602,2025-03-31 00:30:25,XRPUSD,1.0,2.10962,Buy,2.10961,2.10962,1.94725,1.94777,,
410083610,2025-03-31 00:30:32,XRPUSD,1.0,2.10881,Buy,2.1086400000000003,2.10881,1.9467400000000001,1.9472200000000002,,
410083644,2025-03-31 00:30:49,XRPUSD,10.52561443,2.10773,Buy,2.10751,2.10777,1.9467400000000001,1.94675,,
410083649,2025-03-31 00:30:54,XRPUSD,23.338,2.10779,Buy,2.10719,2.10779,1.94533,1.94622,,
410083651,2025-03-31 00:30:58,XRPUSD,10.0,2.10872,Buy,2.1080900000000002,2.10865,1.94602,1.9469299999999998,,
410083653,2025-03-31 00:31:00,XRPUSD,1025.0,2.10871,Buy,2.10853,2.10871,1.9467,1.9471900000000002,,
410083690,2025-03-31 00:31:17,XRPUSD,10.54659856,2.10565,Buy,2.1049,2.10565,1.9438400000000002,1.9442099999999998,,
410083692,2025-03-31 00:31:18,XRPUSD,10.54634895,2.1055599999999997,Buy,2.10515,2.10557,1.9438400000000002,1.9442,,
410083701,2025-03-31 00:31:21,XRPUSD,32.02132282,2.10491,Buy,2.10492,2.10509,1.9438400000000002,1.94386,,
410083711,2025-03-31 00:31:28,XRPUSD,1.0,2.10564,Buy,2.1052400000000002,2.10541,1.9432599999999998,1.9437900000000001,,
410083713,2025-03-31 00:31:28,XRPUSD,446.80942699999997,2.10525,Buy,2.1052400000000002,2.10525,1.9424299999999999,1.94376,,
410083723,2025-03-31 00:31:29,XRPUSD,60.0,2.10485,Buy,2.1048400000000003,2.10485,1.94239,1.94304,,
410083724,2025-03-31 00:31:30,XRPUSD,9.50118764,2.10485,Buy,2.1048400000000003,2.10485,1.9423700000000002,1.94297,,
410083774,2025-03-31 00:31:39,XRPUSD,36.7913,2.10364,Buy,2.10356,2.10365,1.9419099999999998,1.9424400000000002,,
410083775,2025-03-31 00:31:39,XRPUSD,708.75,2.10364,Buy,2.10356,2.10365,1.9419099999999998,1.9424400000000002,,
410083776,2025-03-31 00:31:39,XRPUSD,1400.0587,2.10364,Buy,2.10356,2.10364,1.9419099999999998,1.94315,,
410083778,2025-03-31 00:31:43,XRPUSD,4.73816301,2.1042099999999997,Buy,2.10419,2.10434,1.94242,1.94298,,
410083780,2025-03-31 00:31:47,XRPUSD,7856.0,2.1044,Buy,2.10436,2.1044,1.9427,1.9432900000000002,,
410083784,2025-03-31 00:31:50,XRPUSD,1.0,2.10429,Buy,2.10395,2.1043,1.94222,1.94291,,
410083786,2025-03-31 00:31:50,XRPUSD,37.63168147,2.1038099999999997,Buy,2.10356,2.1038099999999997,1.94209,1.9428900000000002,,
410083833,2025-03-31 00:32:02,XRPUSD,19.26932157,2.1026,Buy,2.1025400000000003,2.10285,1.94035,1.94195,,
410083851,2025-03-31 00:32:09,XRPUSD,117.09658845,2.10148,Buy,2.10145,2.10148,1.94,1.9402099999999998,,
410083920,2025-03-31 00:32:19,XRPUSD,30.04971876,2.1,Buy,2.09935,2.10039,1.93802,1.9400099999999998,,
410083937,2025-03-31 00:32:19,XRPUSD,9.52380952,2.09999,Buy,2.09936,2.09999,1.9380700000000002,1.93918,,
410083938,2025-03-31 00:32:19,XRPUSD,9.52380952,2.09999,Buy,2.09936,2.09999,1.9380700000000002,1.93918,,
410083939,2025-03-31 00:32:20,XRPUSD,550.0,2.09999,Buy,2.0994099999999998,2.09999,1.9380700000000002,1.93917,,
410083940,2025-03-31 00:32:20,XRPUSD,47.32,2.09999,Buy,2.0994099999999998,2.09999,1.9380700000000002,1.93917,,
410083941,2025-03-31 00:32:20,XRPUSD,25.0,2.09999,Buy,2.0994099999999998,2.09999,1.9380700000000002,1.93917,,
410083952,2025-03-31 00:32:21,XRPUSD,1.0,2.10091,Buy,2.1000900000000002,2.10093,1.9387299999999998,1.9396,,
410084029,2025-03-31 00:33:07,XRPUSD,9.449,2.10169,Buy,2.10157,2.1017,1.94113,1.94114,,
410084032,2025-03-31 00:33:12,XRPUSD,1532.37852782,2.10225,Buy,2.1021900000000002,2.10225,1.9405299999999999,1.94062,,
410084047,2025-03-31 00:33:22,XRPUSD,220.63099999999997,2.10379,Buy,2.1023400000000003,2.10338,1.9404299999999999,1.94134,,
410084048,2025-03-31 00:33:23,XRPUSD,9.539,2.10348,Buy,2.10264,2.10348,1.94061,1.94165,,
410084053,2025-03-31 00:33:26,XRPUSD,44.123000000000005,2.1029299999999997,Buy,2.10205,2.1029400000000003,1.9404,1.9415200000000001,,
410084074,2025-03-31 00:33:32,XRPUSD,2381.67822574,2.09936,Buy,2.09935,2.09936,1.93802,1.93813,,
410084075,2025-03-31 00:33:32,XRPUSD,2145.6,2.09936,Buy,2.09935,2.09936,1.93802,1.93813,,
410084076,2025-03-31 00:33:32,XRPUSD,204.81377426,2.09945,Buy,2.09935,2.09936,1.93802,1.93813,,
410084163,2025-03-31 00:33:43,XRPUSD,7.515050200000001,2.09775,Buy,2.09516,2.09776,1.9336099999999998,1.9391,,
410084180,2025-03-31 00:33:47,XRPUSD,4575.836780899999,2.09586,Buy,2.09559,2.09586,1.93462,1.9360700000000002,,
410084183,2025-03-31 00:33:50,XRPUSD,11.842,2.09679,Buy,2.09678,2.09679,1.93452,1.9356200000000001,,
410084244,2025-03-31 00:34:00,XRPUSD,10.62185634,2.0926400000000003,Buy,2.0920900000000002,2.09265,1.9303400000000002,1.9334200000000001,,
410084249,2025-03-31 00:34:01,XRPUSD,10.62195907,2.09294,Buy,2.0922,2.09249,1.93087,1.9325,,
410084278,2025-03-31 00:34:04,XRPUSD,339.6124,2.09098,Buy,2.09097,2.09098,1.93029,1.9313200000000001,,
410084279,2025-03-31 00:34:04,XRPUSD,231.11731161,2.09098,Buy,2.09097,2.09098,1.93029,1.9313099999999999,,
410084280,2025-03-31 00:34:04,XRPUSD,477.63268839,2.09098,Buy,2.09097,2.09098,1.93029,1.9313099999999999,,
410084307,2025-03-31 00:34:15,XRPUSD,1012.0,2.09312,Buy,2.09292,2.09357,1.9317900000000001,1.9323400000000002,,
410084309,2025-03-31 00:34:16,XRPUSD,47.403,2.09357,Buy,2.09313,2.09323,1.9317099999999998,1.9323299999999999,,
410084362,2025-03-31 00:34:42,XRPUSD,28.7299479,2.09248,Buy,2.09218,2.09248,1.9313,1.9319400000000002,,
410084365,2025-03-31 00:34:45,XRPUSD,485.8134,2.09305,Buy,2.0928,2.09321,1.9318799999999998,1.9327599999999998,,
410084366,2025-03-31 00:34:45,XRPUSD,708.7501,2.09305,Buy,2.0928,2.09321,1.9318799999999998,1.9327599999999998,,
410084374,2025-03-31 00:34:49,XRPUSD,90.662,2.09435,Buy,2.0937900000000003,2.09436,1.93303,1.9335799999999999,,
410084375,2025-03-31 00:34:49,XRPUSD,20.02,2.09435,Buy,2.09393,2.09428,1.93304,1.93367,,
410084390,2025-03-31 00:34:56,XRPUSD,150.0,2.095,Buy,2.09468,2.095,1.93377,1.9343700000000001,,
410084398,2025-03-31 00:35:00,XRPUSD,1200.0,2.0945099999999996,Buy,2.09421,2.0945099999999996,1.9324700000000001,1.93397,,
410084405,2025-03-31 00:35:07,XRPUSD,117.22944616,2.09538,Buy,2.0944599999999998,2.09504,1.93333,1.9348400000000001,,
410084466,2025-03-31 00:35:43,XRPUSD,708.75,2.09202,Buy,2.09165,2.0922,1.9303099999999997,1.9316,,
410084467,2025-03-31 00:35:43,XRPUSD,459.57199999999995,2.0921,Buy,2.09165,2.0922,1.9303099999999997,1.9316,,
410084511,2025-03-31 00:35:58,XRPUSD,233.162,2.0922,Buy,2.09165,2.0918,1.93035,1.93118,,
410084521,2025-03-31 00:36:05,XRPUSD,2373.959,2.09262,Buy,2.0924099999999997,2.09262,1.93145,1.93195,,
410084522,2025-03-31 00:36:06,XRPUSD,2.375,2.09251,Buy,2.0924099999999997,2.0925,1.9313799999999999,1.93186,,
410084523,2025-03-31 00:36:06,XRPUSD,100.0,2.09251,Buy,2.0924099999999997,2.0925,1.9313799999999999,1.93186,,
410084526,2025-03-31 00:36:07,XRPUSD,2.403,2.09297,Buy,2.0924,2.09297,1.93147,1.93193,,
410084528,2025-03-31 00:36:09,XRPUSD,2389.27742837,2.09269,Buy,2.0924099999999997,2.0926299999999998,1.9316,1.93219,,
410084530,2025-03-31 00:36:10,XRPUSD,3584.37374842,2.09338,Buy,2.09286,2.09338,1.93172,1.9329599999999998,,
410084531,2025-03-31 00:36:10,XRPUSD,2388.29250923,2.09355,Buy,2.09286,2.09338,1.93172,1.9329599999999998,,
410084539,2025-03-31 00:36:22,XRPUSD,1231.7571,2.09422,Buy,2.09417,2.09422,1.9327900000000002,1.9335799999999999,,
410084551,2025-03-31 00:36:27,XRPUSD,1992.231,2.09491,Buy,2.09417,2.0945,1.93261,1.93376,,
410084618,2025-03-31 00:36:44,XRPUSD,447.19699999999995,2.0905,Buy,2.09007,2.0905,1.9292,1.9297900000000001,,
410084619,2025-03-31 00:36:44,XRPUSD,47.476000000000006,2.09057,Buy,2.09007,2.0905,1.9292,1.9297900000000001,,
410084629,2025-03-31 00:36:52,XRPUSD,71.51899999999999,2.09145,Buy,2.0910599999999997,2.09173,1.9302099999999998,1.9307599999999998,,
410084654,2025-03-31 00:36:57,XRPUSD,2.375,2.09104,Buy,2.0909400000000002,2.09104,1.9297799999999998,1.9303099999999997,,
410084661,2025-03-31 00:37:02,XRPUSD,1525.888851,2.09131,Buy,2.09104,2.09131,1.93008,1.93061,,
410084707,2025-03-31 00:37:14,XRPUSD,20.0,2.08818,Buy,2.08817,2.08818,1.9264299999999999,1.92838,,
410084720,2025-03-31 00:37:14,XRPUSD,14.47224773,2.08816,Buy,2.0874200000000003,2.08817,1.9264299999999999,1.92829,,
410084783,2025-03-31 00:37:28,XRPUSD,95.098,2.08874,Buy,2.08795,2.0884,1.9272799999999999,1.92786,,
410084792,2025-03-31 00:37:34,XRPUSD,47.593999999999994,2.08794,Buy,2.0878799999999997,2.08794,1.9266599999999998,1.9272799999999999,,
410084858,2025-03-31 00:37:50,XRPUSD,0.7340000000000001,2.08797,Buy,2.0872599999999997,2.08797,1.92682,1.9272099999999999,,
410084880,2025-03-31 00:38:13,XRPUSD,708.75,2.0890299999999997,Buy,2.08897,2.0890299999999997,1.92776,1.92893,,
410084881,2025-03-31 00:38:13,XRPUSD,708.75,2.0890299999999997,Buy,2.08897,2.0890299999999997,1.92776,1.92893,,
410084882,2025-03-31 00:38:13,XRPUSD,1037.71802837,2.0890299999999997,Buy,2.08897,2.0890299999999997,1.92776,1.92893,,
410084891,2025-03-31 00:38:17,XRPUSD,95.33903816,2.0893200000000003,Buy,2.08872,2.09007,1.92828,1.92945,,
410084915,2025-03-31 00:38:38,XRPUSD,237.542,2.09195,Buy,2.0916,2.09195,1.93058,1.9309900000000002,,
410084941,2025-03-31 00:38:45,XRPUSD,1074.0,2.09211,Buy,2.09205,2.09211,1.93062,1.931,,
410084942,2025-03-31 00:38:46,XRPUSD,9.109,2.09211,Buy,2.09205,2.09211,1.93062,1.931,,
410084946,2025-03-31 00:38:53,XRPUSD,47.482,2.09262,Buy,2.0925,2.09291,1.93075,1.9317400000000002,,
410084952,2025-03-31 00:39:01,XRPUSD,4.749,2.093,Buy,2.09232,2.093,1.9308599999999998,1.9320700000000002,,
410084954,2025-03-31 00:39:03,XRPUSD,0.085,2.09229,Buy,2.09228,2.09229,1.9306299999999998,1.9309900000000002,,
410084975,2025-03-31 00:39:14,XRPUSD,103.435058,2.09183,Buy,2.09156,2.09183,1.93061,1.93097,,
410084986,2025-03-31 00:39:29,XRPUSD,2375.094,2.09115,Buy,2.09041,2.09159,1.9296799999999998,1.93123,,
410084989,2025-03-31 00:39:33,XRPUSD,25.0,2.09156,Buy,2.09125,2.09156,1.9303099999999997,1.93055,,
410085017,2025-03-31 00:39:51,XRPUSD,5.0,2.08794,Buy,2.08745,2.08795,1.92649,1.92737,,
410085038,2025-03-31 00:40:05,XRPUSD,55.037,2.0884400000000003,Buy,2.0878200000000002,2.0884400000000003,1.92698,1.92787,,
410085048,2025-03-31 00:40:10,XRPUSD,22.47684032,2.08712,Buy,2.08607,2.088,1.9257799999999998,1.9275,,
410085428,2025-03-31 00:41:16,XRPUSD,47.582,2.08597,Buy,2.08485,2.0859799999999997,1.9242099999999998,1.9257400000000002,,
410085587,2025-03-31 00:41:35,XRPUSD,50.0,2.08722,Buy,2.08612,2.0863,1.92565,1.92602,,
410085631,2025-03-31 00:41:49,XRPUSD,575.66107905,2.08699,Buy,2.08648,2.08676,1.92547,1.9259700000000002,,
410085632,2025-03-31 00:41:49,XRPUSD,14858.0,2.0869999999999997,Buy,2.08648,2.08676,1.92547,1.9259700000000002,,
