ID,DateTime,Symbol,Quantity,Rate,Side,XRPUSD_BestBid,XRPUSD_BestAsk,XRPEUR_BestBid,XRPEUR_BestAsk,USDEUR_BestBid,USDEUR_BestAsk
411872572,2025-04-08 06:28:26,XRPUSD,153.528,1.86973,Buy,N/A,N/A,N/A,N/A,N/A,N/A
411872579,2025-04-08 06:28:29,XRPUSD,250.0,1.86979,Buy,N/A,N/A,N/A,N/A,N/A,N/A
411872596,2025-04-08 06:28:38,XRPUSD,166.0,1.87038,Buy,N/A,N/A,N/A,N/A,N/A,N/A
2025-04-08 06:28_summary,2025-04-08 06:28:00,XRPUSD,569.528,1.8699457927266088,Buy,1.87046,1.87068,N/A,N/A,N/A,N/A
411872677,2025-04-08 06:29:18,XRPUSD,29.0,1.87221,Buy,N/A,N/A,N/A,N/A,N/A,N/A
411872682,2025-04-08 06:29:20,XRPUSD,59.0,1.87194,Buy,N/A,N/A,N/A,N/A,N/A,N/A
411872731,2025-04-08 06:29:35,XRPUSD,266.01143101,1.87211,Buy,N/A,N/A,N/A,N/A,N/A,N/A
411872745,2025-04-08 06:29:44,XRPUSD,236.0,1.87268,Buy,N/A,N/A,N/A,N/A,N/A,N/A
411872745,2025-04-08 06:29:44,XRPUSD,236.0,1.87268,Buy,N/A,N/A,N/A,N/A,N/A,N/A
411872816,2025-04-08 06:30:01,XRPUSD,298.0,1.87215,Buy,N/A,N/A,N/A,N/A,N/A,N/A
411872830,2025-04-08 06:30:02,XRPUSD,14.27777999,1.87174,Buy,N/A,N/A,N/A,N/A,N/A,N/A
2025-04-08 06:29_summary,2025-04-08 06:29:00,XRPUSD,590.01143101,1.872325911071048,Buy,1.87106,1.87199,N/A,N/A,N/A,N/A
411872853,2025-04-08 06:30:11,XRPUSD,10.3057,1.8724,Buy,N/A,N/A,N/A,N/A,N/A,N/A
411872854,2025-04-08 06:30:11,XRPUSD,4.5e-05,1.8724,Buy,N/A,N/A,N/A,N/A,N/A,N/A
411872860,2025-04-08 06:30:15,XRPUSD,12.49021388,1.87269,Buy,N/A,N/A,N/A,N/A,N/A,N/A
411872892,2025-04-08 06:30:23,XRPUSD,236.0,1.87322,Buy,N/A,N/A,N/A,N/A,N/A,N/A
2025-04-08 06:30_summary,2025-04-08 06:30:00,XRPUSD,571.0737388699999,1.8725982560561374,Buy,1.87264,1.87265,N/A,N/A,N/A,N/A
411873082,2025-04-08 06:31:14,XRPUSD,16.81973515,1.8727,Buy,N/A,N/A,N/A,N/A,N/A,N/A
411873123,2025-04-08 06:31:33,XRPUSD,9.80240659,1.87279,Buy,N/A,N/A,N/A,N/A,N/A,N/A
411873154,2025-04-08 06:31:46,XRPUSD,152.0,1.8744,Buy,N/A,N/A,N/A,N/A,N/A,N/A
411873158,2025-04-08 06:31:49,XRPUSD,407.0,1.8747,Buy,N/A,N/A,N/A,N/A,N/A,N/A
411873169,2025-04-08 06:31:52,XRPUSD,444.0,1.87426,Buy,N/A,N/A,N/A,N/A,N/A,N/A
411873197,2025-04-08 06:32:00,XRPUSD,18.83303348,1.87392,Buy,N/A,N/A,N/A,N/A,N/A,N/A
2025-04-08 06:31_summary,2025-04-08 06:31:00,XRPUSD,1029.62214174,1.8744151167841134,Buy,1.87288,1.87328,N/A,N/A,N/A,N/A
411873210,2025-04-08 06:32:07,XRPUSD,701.0,1.87395,Buy,N/A,N/A,N/A,N/A,N/A,N/A
411873283,2025-04-08 06:32:33,XRPUSD,31.85848538,1.87322,Buy,N/A,N/A,N/A,N/A,N/A,N/A
411873353,2025-04-08 06:32:57,XRPUSD,525.51,1.87191,Buy,N/A,N/A,N/A,N/A,N/A,N/A
2025-04-08 06:32_summary,2025-04-08 06:32:00,XRPUSD,1277.20151886,1.873091981849262,Buy,1.87008,1.87036,N/A,N/A,N/A,N/A
411873390,2025-04-08 06:33:08,XRPUSD,52.31702416,1.87134,Buy,N/A,N/A,N/A,N/A,N/A,N/A
411873465,2025-04-08 06:33:37,XRPUSD,909.0,1.87088,Buy,N/A,N/A,N/A,N/A,N/A,N/A
411873555,2025-04-08 06:33:52,XRPUSD,53.53319057,1.8678,Buy,N/A,N/A,N/A,N/A,N/A,N/A
2025-04-08 06:33_summary,2025-04-08 06:33:00,XRPUSD,1014.85021473,1.8707412441582039,Buy,1.86839,1.86866,N/A,N/A,N/A,N/A
411873590,2025-04-08 06:34:06,XRPUSD,176.831323,1.86864,Buy,N/A,N/A,N/A,N/A,N/A,N/A
411873625,2025-04-08 06:34:21,XRPUSD,457.0,1.86866,Buy,N/A,N/A,N/A,N/A,N/A,N/A
411873634,2025-04-08 06:34:23,XRPUSD,304.0,1.86937,Buy,N/A,N/A,N/A,N/A,N/A,N/A
411873650,2025-04-08 06:34:29,XRPUSD,310.0,1.86901,Buy,N/A,N/A,N/A,N/A,N/A,N/A
411873706,2025-04-08 06:34:55,XRPUSD,381.0,1.86846,Buy,N/A,N/A,N/A,N/A,N/A,N/A
2025-04-08 06:34_summary,2025-04-08 06:34:00,XRPUSD,1628.8313229999999,1.8688101710889802,Buy,1.86862,1.86885,N/A,N/A,N/A,N/A
411873738,2025-04-08 06:35:04,XRPUSD,74.0,1.86883,Buy,N/A,N/A,N/A,N/A,N/A,N/A
411873756,2025-04-08 06:35:10,XRPUSD,11.695,1.869,Buy,N/A,N/A,N/A,N/A,N/A,N/A
411873843,2025-04-08 06:35:18,XRPUSD,183.0,1.86771,Buy,N/A,N/A,N/A,N/A,N/A,N/A
411873936,2025-04-08 06:35:32,XRPUSD,232.0,1.86977,Buy,N/A,N/A,N/A,N/A,N/A,N/A
411873976,2025-04-08 06:35:40,XRPUSD,11.30380172,1.86951,Buy,N/A,N/A,N/A,N/A,N/A,N/A
411874011,2025-04-08 06:35:48,XRPUSD,2675.93995384,1.86851,Buy,N/A,N/A,N/A,N/A,N/A,N/A
411874012,2025-04-08 06:35:48,XRPUSD,1591.59368986,1.86884,Buy,N/A,N/A,N/A,N/A,N/A,N/A
411874093,2025-04-08 06:35:56,XRPUSD,179.0,1.86876,Buy,N/A,N/A,N/A,N/A,N/A,N/A
2025-04-08 06:35_summary,2025-04-08 06:35:00,XRPUSD,4958.53244542,1.8686625875403058,Buy,1.867,1.86742,N/A,N/A,N/A,N/A
411874137,2025-04-08 06:36:05,XRPUSD,275.24900931,1.86732,Buy,N/A,N/A,N/A,N/A,N/A,N/A
411874190,2025-04-08 06:36:12,XRPUSD,6.86088814,1.86521,Buy,N/A,N/A,N/A,N/A,N/A,N/A
411874192,2025-04-08 06:36:12,XRPUSD,8.115655,1.8652,Buy,N/A,N/A,N/A,N/A,N/A,N/A
411874223,2025-04-08 06:36:19,XRPUSD,10.596,1.86699,Buy,N/A,N/A,N/A,N/A,N/A,N/A
411874241,2025-04-08 06:36:25,XRPUSD,11.0,1.86699,Buy,N/A,N/A,N/A,N/A,N/A,N/A
411874273,2025-04-08 06:36:43,XRPUSD,26.77806341,1.86695,Buy,N/A,N/A,N/A,N/A,N/A,N/A
2025-04-08 06:36_summary,2025-04-08 06:36:00,XRPUSD,338.59961586000003,1.8671761243907106,Buy,1.86606,1.86619,N/A,N/A,N/A,N/A
411874332,2025-04-08 06:37:09,XRPUSD,297.0,1.86699,Buy,N/A,N/A,N/A,N/A,N/A,N/A
411874374,2025-04-08 06:37:20,XRPUSD,10.72386058,1.86466,Buy,N/A,N/A,N/A,N/A,N/A,N/A
411874381,2025-04-08 06:37:23,XRPUSD,2681.07064026,1.86493,Buy,N/A,N/A,N/A,N/A,N/A,N/A
411874429,2025-04-08 06:37:47,XRPUSD,536.12523414,1.86871,Buy,N/A,N/A,N/A,N/A,N/A,N/A
411874438,2025-04-08 06:37:50,XRPUSD,1000.0,1.86768,Buy,N/A,N/A,N/A,N/A,N/A,N/A
411874440,2025-04-08 06:37:51,XRPUSD,1000.0,1.86794,Buy,N/A,N/A,N/A,N/A,N/A,N/A
411874444,2025-04-08 06:37:52,XRPUSD,1000.0,1.86887,Buy,N/A,N/A,N/A,N/A,N/A,N/A
411874445,2025-04-08 06:37:53,XRPUSD,200.0,1.86849,Buy,N/A,N/A,N/A,N/A,N/A,N/A
411874446,2025-04-08 06:37:53,XRPUSD,800.0,1.86849,Buy,N/A,N/A,N/A,N/A,N/A,N/A
411874448,2025-04-08 06:37:54,XRPUSD,1000.0,1.86846,Buy,N/A,N/A,N/A,N/A,N/A,N/A
411874450,2025-04-08 06:37:55,XRPUSD,1000.0,1.86845,Buy,N/A,N/A,N/A,N/A,N/A,N/A
411874459,2025-04-08 06:37:56,XRPUSD,1000.0,1.86874,Buy,N/A,N/A,N/A,N/A,N/A,N/A
411874460,2025-04-08 06:37:57,XRPUSD,672.0,1.86905,Buy,N/A,N/A,N/A,N/A,N/A,N/A
411874461,2025-04-08 06:37:57,XRPUSD,328.0,1.86905,Buy,N/A,N/A,N/A,N/A,N/A,N/A
411874464,2025-04-08 06:37:58,XRPUSD,1000.0,1.86909,Buy,N/A,N/A,N/A,N/A,N/A,N/A
2025-04-08 06:37_summary,2025-04-08 06:37:00,XRPUSD,12524.91973498,1.8677272616738492,Buy,1.86935,1.86961,N/A,N/A,N/A,N/A
411874476,2025-04-08 06:38:05,XRPUSD,24.0,1.86949,Buy,N/A,N/A,N/A,N/A,N/A,N/A
411874480,2025-04-08 06:38:08,XRPUSD,253.0,1.86941,Buy,N/A,N/A,N/A,N/A,N/A,N/A
411874529,2025-04-08 06:38:28,XRPUSD,136.0,1.86862,Buy,N/A,N/A,N/A,N/A,N/A,N/A
411874600,2025-04-08 06:38:48,XRPUSD,1323.093355,1.86763,Buy,N/A,N/A,N/A,N/A,N/A,N/A
411874611,2025-04-08 06:38:51,XRPUSD,2067.0,1.86782,Buy,N/A,N/A,N/A,N/A,N/A,N/A
2025-04-08 06:38_summary,2025-04-08 06:38:00,XRPUSD,3803.093355,1.867898820642716,Buy,1.86615,1.86644,N/A,N/A,N/A,N/A
411874682,2025-04-08 06:39:13,XRPUSD,13.38768504,1.86489,Buy,N/A,N/A,N/A,N/A,N/A,N/A
411874751,2025-04-08 06:39:41,XRPUSD,262.0,1.86472,Buy,N/A,N/A,N/A,N/A,N/A,N/A
411874772,2025-04-08 06:39:52,XRPUSD,30.0,1.86481,Buy,N/A,N/A,N/A,N/A,N/A,N/A
411874774,2025-04-08 06:39:52,XRPUSD,573.0,1.86482,Buy,N/A,N/A,N/A,N/A,N/A,N/A
2025-04-08 06:39_summary,2025-04-08 06:39:00,XRPUSD,878.38768504,1.8647908979730905,Buy,1.86599,1.866,N/A,N/A,N/A,N/A
411874817,2025-04-08 06:40:12,XRPUSD,5.98932764,1.86614,Buy,N/A,N/A,N/A,N/A,N/A,N/A
411874835,2025-04-08 06:40:16,XRPUSD,1101.0,1.86422,Buy,N/A,N/A,N/A,N/A,N/A,N/A
411874889,2025-04-08 06:40:40,XRPUSD,152.0,1.86523,Buy,N/A,N/A,N/A,N/A,N/A,N/A
411874961,2025-04-08 06:41:00,XRPUSD,637.2864,1.86512,Buy,N/A,N/A,N/A,N/A,N/A,N/A
411874963,2025-04-08 06:41:00,XRPUSD,693.0,1.86527,Buy,N/A,N/A,N/A,N/A,N/A,N/A
411875007,2025-04-08 06:41:04,XRPUSD,60.0,1.86786,Buy,N/A,N/A,N/A,N/A,N/A,N/A
2025-04-08 06:40_summary,2025-04-08 06:40:00,XRPUSD,1258.98932764,1.8643510730007367,Buy,1.86731,1.86787,N/A,N/A,N/A,N/A
411875008,2025-04-08 06:41:05,XRPUSD,29.0,1.86786,Buy,N/A,N/A,N/A,N/A,N/A,N/A
411875015,2025-04-08 06:41:08,XRPUSD,686.0,1.86765,Buy,N/A,N/A,N/A,N/A,N/A,N/A
411875027,2025-04-08 06:41:11,XRPUSD,60.0,1.86752,Buy,N/A,N/A,N/A,N/A,N/A,N/A
411875033,2025-04-08 06:41:17,XRPUSD,641.25,1.86756,Buy,N/A,N/A,N/A,N/A,N/A,N/A
411875042,2025-04-08 06:41:17,XRPUSD,641.25,1.86823,Buy,N/A,N/A,N/A,N/A,N/A,N/A
411875053,2025-04-08 06:41:19,XRPUSD,180.0,1.86896,Buy,N/A,N/A,N/A,N/A,N/A,N/A
411875082,2025-04-08 06:41:33,XRPUSD,13.16083172,1.86938,Buy,N/A,N/A,N/A,N/A,N/A,N/A
411875083,2025-04-08 06:41:35,XRPUSD,5.315,1.86923,Buy,N/A,N/A,N/A,N/A,N/A,N/A
411875086,2025-04-08 06:41:36,XRPUSD,18.330516,1.86924,Buy,N/A,N/A,N/A,N/A,N/A,N/A
411875129,2025-04-08 06:41:44,XRPUSD,200.0,1.86831,Buy,N/A,N/A,N/A,N/A,N/A,N/A
411875140,2025-04-08 06:41:48,XRPUSD,13.110088,1.86876,Buy,N/A,N/A,N/A,N/A,N/A,N/A
411875142,2025-04-08 06:41:50,XRPUSD,10.621924,1.86894,Buy,N/A,N/A,N/A,N/A,N/A,N/A
411875145,2025-04-08 06:41:54,XRPUSD,27.986426,1.86934,Buy,N/A,N/A,N/A,N/A,N/A,N/A
411875146,2025-04-08 06:41:55,XRPUSD,93.66542,1.86927,Buy,N/A,N/A,N/A,N/A,N/A,N/A
411875147,2025-04-08 06:41:57,XRPUSD,9.479,1.86905,Buy,N/A,N/A,N/A,N/A,N/A,N/A
411875178,2025-04-08 06:42:03,XRPUSD,20.0,1.86792,Buy,N/A,N/A,N/A,N/A,N/A,N/A
2025-04-08 06:41_summary,2025-04-08 06:41:00,XRPUSD,4019.4556057199993,1.8670857692346507,Buy,1.86764,1.8679,N/A,N/A,N/A,N/A
411875205,2025-04-08 06:42:06,XRPUSD,1343.0,1.86714,Buy,N/A,N/A,N/A,N/A,N/A,N/A
411875279,2025-04-08 06:42:18,XRPUSD,7.880591,1.86752,Buy,N/A,N/A,N/A,N/A,N/A,N/A
411875334,2025-04-08 06:42:36,XRPUSD,311.0,1.86681,Buy,N/A,N/A,N/A,N/A,N/A,N/A
411875349,2025-04-08 06:42:47,XRPUSD,566.371877,1.86758,Buy,N/A,N/A,N/A,N/A,N/A,N/A
411875350,2025-04-08 06:42:47,XRPUSD,200.0,1.86829,Buy,N/A,N/A,N/A,N/A,N/A,N/A
411875351,2025-04-08 06:42:47,XRPUSD,174.0,1.86838,Buy,N/A,N/A,N/A,N/A,N/A,N/A
411875375,2025-04-08 06:43:01,XRPUSD,11.16378672,1.86746,Buy,N/A,N/A,N/A,N/A,N/A,N/A
2025-04-08 06:42_summary,2025-04-08 06:42:00,XRPUSD,2622.252468,1.8673729784251956,Buy,1.8673,1.86773,N/A,N/A,N/A,N/A
411875392,2025-04-08 06:43:05,XRPUSD,138.0,1.86753,Buy,N/A,N/A,N/A,N/A,N/A,N/A
411875424,2025-04-08 06:43:11,XRPUSD,165.0,1.86868,Buy,N/A,N/A,N/A,N/A,N/A,N/A
411875446,2025-04-08 06:43:15,XRPUSD,1000.0,1.86914,Buy,N/A,N/A,N/A,N/A,N/A,N/A
411875451,2025-04-08 06:43:16,XRPUSD,2675.0,1.86916,Buy,N/A,N/A,N/A,N/A,N/A,N/A
411875473,2025-04-08 06:43:22,XRPUSD,118.0,1.86914,Buy,N/A,N/A,N/A,N/A,N/A,N/A
411875486,2025-04-08 06:43:28,XRPUSD,2482.7,1.86888,Buy,N/A,N/A,N/A,N/A,N/A,N/A
411875489,2025-04-08 06:43:29,XRPUSD,0.00076872,1.86916,Buy,N/A,N/A,N/A,N/A,N/A,N/A
411875490,2025-04-08 06:43:29,XRPUSD,325.99923128,1.86991,Buy,N/A,N/A,N/A,N/A,N/A,N/A
411875511,2025-04-08 06:43:34,XRPUSD,2480.0,1.86935,Buy,N/A,N/A,N/A,N/A,N/A,N/A
411875572,2025-04-08 06:43:49,XRPUSD,6.38003454,1.86836,Buy,N/A,N/A,N/A,N/A,N/A,N/A
411875601,2025-04-08 06:43:58,XRPUSD,2482.7,1.86743,Buy,N/A,N/A,N/A,N/A,N/A,N/A
411875603,2025-04-08 06:43:59,XRPUSD,1076.0,1.86776,Buy,N/A,N/A,N/A,N/A,N/A,N/A
2025-04-08 06:43_summary,2025-04-08 06:43:00,XRPUSD,12960.94382126,1.8686869241093742,Buy,1.86717,1.86722,N/A,N/A,N/A,N/A
411875617,2025-04-08 06:44:08,XRPUSD,1000.0,1.86733,Buy,N/A,N/A,N/A,N/A,N/A,N/A
411875620,2025-04-08 06:44:09,XRPUSD,1000.0,1.86769,Buy,N/A,N/A,N/A,N/A,N/A,N/A
411875624,2025-04-08 06:44:10,XRPUSD,1000.0,1.8677,Buy,N/A,N/A,N/A,N/A,N/A,N/A
411875631,2025-04-08 06:44:11,XRPUSD,1000.0,1.86779,Buy,N/A,N/A,N/A,N/A,N/A,N/A
411875641,2025-04-08 06:44:11,XRPUSD,173.0,1.86779,Buy,N/A,N/A,N/A,N/A,N/A,N/A
411875642,2025-04-08 06:44:12,XRPUSD,1000.0,1.86785,Buy,N/A,N/A,N/A,N/A,N/A,N/A
411875644,2025-04-08 06:44:13,XRPUSD,1000.0,1.86802,Buy,N/A,N/A,N/A,N/A,N/A,N/A
411875652,2025-04-08 06:44:14,XRPUSD,641.25,1.86779,Buy,N/A,N/A,N/A,N/A,N/A,N/A
411875653,2025-04-08 06:44:14,XRPUSD,358.75,1.8678,Buy,N/A,N/A,N/A,N/A,N/A,N/A
411875658,2025-04-08 06:44:15,XRPUSD,118.0,1.86743,Buy,N/A,N/A,N/A,N/A,N/A,N/A
411875660,2025-04-08 06:44:15,XRPUSD,1000.0,1.86743,Buy,N/A,N/A,N/A,N/A,N/A,N/A
411875662,2025-04-08 06:44:16,XRPUSD,1000.0,1.86743,Buy,N/A,N/A,N/A,N/A,N/A,N/A
411875669,2025-04-08 06:44:17,XRPUSD,1000.0,1.86744,Buy,N/A,N/A,N/A,N/A,N/A,N/A
411875670,2025-04-08 06:44:17,XRPUSD,147.0,1.86744,Buy,N/A,N/A,N/A,N/A,N/A,N/A
411875673,2025-04-08 06:44:18,XRPUSD,1000.0,1.86744,Buy,N/A,N/A,N/A,N/A,N/A,N/A
411875675,2025-04-08 06:44:18,XRPUSD,335.7,1.86744,Buy,N/A,N/A,N/A,N/A,N/A,N/A
411875721,2025-04-08 06:44:38,XRPUSD,788.0,1.86678,Buy,N/A,N/A,N/A,N/A,N/A,N/A
411875752,2025-04-08 06:44:44,XRPUSD,2276.99619154,1.8665,Buy,N/A,N/A,N/A,N/A,N/A,N/A
411875753,2025-04-08 06:44:44,XRPUSD,192.78844362,1.86649,Buy,N/A,N/A,N/A,N/A,N/A,N/A
411875757,2025-04-08 06:44:48,XRPUSD,593.0,1.86648,Buy,N/A,N/A,N/A,N/A,N/A,N/A
411875773,2025-04-08 06:44:50,XRPUSD,2480.0,1.86651,Buy,N/A,N/A,N/A,N/A,N/A,N/A
2025-04-08 06:44_summary,2025-04-08 06:44:00,XRPUSD,18104.48463516,1.8672419094156083,Buy,1.86724,1.8673,N/A,N/A,N/A,N/A
411875815,2025-04-08 06:45:06,XRPUSD,1000.0,1.86729,Buy,N/A,N/A,N/A,N/A,N/A,N/A
411875822,2025-04-08 06:45:09,XRPUSD,2482.7,1.86677,Buy,N/A,N/A,N/A,N/A,N/A,N/A
411875832,2025-04-08 06:45:12,XRPUSD,147.0,1.86808,Buy,N/A,N/A,N/A,N/A,N/A,N/A
411875840,2025-04-08 06:45:13,XRPUSD,3780.0,1.86858,Buy,N/A,N/A,N/A,N/A,N/A,N/A
411875879,2025-04-08 06:45:16,XRPUSD,10.0,1.86871,Buy,N/A,N/A,N/A,N/A,N/A,N/A
411875918,2025-04-08 06:45:26,XRPUSD,171.0,1.86779,Buy,N/A,N/A,N/A,N/A,N/A,N/A
411875927,2025-04-08 06:45:32,XRPUSD,28.72908533,1.86748,Buy,N/A,N/A,N/A,N/A,N/A,N/A
411875945,2025-04-08 06:45:39,XRPUSD,150.0,1.86764,Buy,N/A,N/A,N/A,N/A,N/A,N/A
411875982,2025-04-08 06:45:56,XRPUSD,106.65094592,1.86587,Buy,N/A,N/A,N/A,N/A,N/A,N/A
2025-04-08 06:45_summary,2025-04-08 06:45:00,XRPUSD,7876.08003125,1.8677607341936975,Buy,1.86495,1.86516,N/A,N/A,N/A,N/A
411876021,2025-04-08 06:46:11,XRPUSD,5.326,1.86598,Buy,N/A,N/A,N/A,N/A,N/A,N/A
411876074,2025-04-08 06:46:24,XRPUSD,1370.0,1.86517,Buy,N/A,N/A,N/A,N/A,N/A,N/A
411876117,2025-04-08 06:46:33,XRPUSD,26.314,1.8631,Buy,N/A,N/A,N/A,N/A,N/A,N/A
411876118,2025-04-08 06:46:34,XRPUSD,2482.7,1.86306,Buy,N/A,N/A,N/A,N/A,N/A,N/A
411876150,2025-04-08 06:46:40,XRPUSD,52.84342443,1.86268,Buy,N/A,N/A,N/A,N/A,N/A,N/A
411876167,2025-04-08 06:46:48,XRPUSD,8.826531,1.86336,Buy,N/A,N/A,N/A,N/A,N/A,N/A
411876207,2025-04-08 06:46:55,XRPUSD,3783.1,1.86181,Buy,N/A,N/A,N/A,N/A,N/A,N/A
411876211,2025-04-08 06:46:56,XRPUSD,1590.0,1.86207,Buy,N/A,N/A,N/A,N/A,N/A,N/A
2025-04-08 06:46_summary,2025-04-08 06:46:00,XRPUSD,9319.10995543,1.862693752249055,Buy,1.8618,1.8621,N/A,N/A,N/A,N/A
411876228,2025-04-08 06:47:03,XRPUSD,6.0,1.86278,Buy,N/A,N/A,N/A,N/A,N/A,N/A
411876267,2025-04-08 06:47:13,XRPUSD,8.465709,1.86182,Buy,N/A,N/A,N/A,N/A,N/A,N/A
411876289,2025-04-08 06:47:14,XRPUSD,118.0,1.86133,Buy,N/A,N/A,N/A,N/A,N/A,N/A
411876322,2025-04-08 06:47:15,XRPUSD,1000.0,1.86106,Buy,N/A,N/A,N/A,N/A,N/A,N/A
411876381,2025-04-08 06:47:29,XRPUSD,2482.7,1.86099,Buy,N/A,N/A,N/A,N/A,N/A,N/A
411876389,2025-04-08 06:47:30,XRPUSD,1000.0,1.86226,Buy,N/A,N/A,N/A,N/A,N/A,N/A
411876494,2025-04-08 06:47:57,XRPUSD,5.0,1.86081,Buy,N/A,N/A,N/A,N/A,N/A,N/A
2025-04-08 06:47_summary,2025-04-08 06:47:00,XRPUSD,4620.165709,1.8612923671933992,Buy,1.8607,1.86082,N/A,N/A,N/A,N/A
411876509,2025-04-08 06:48:03,XRPUSD,2687.55072751,1.86043,Buy,N/A,N/A,N/A,N/A,N/A,N/A
411876510,2025-04-08 06:48:03,XRPUSD,103.67666419,1.86043,Buy,N/A,N/A,N/A,N/A,N/A,N/A
411876621,2025-04-08 06:48:40,XRPUSD,1.0,1.861,Buy,N/A,N/A,N/A,N/A,N/A,N/A
411876631,2025-04-08 06:48:41,XRPUSD,2482.7,1.86099,Buy,N/A,N/A,N/A,N/A,N/A,N/A
2025-04-08 06:48_summary,2025-04-08 06:48:00,XRPUSD,5274.927391699999,1.8606936779422196,Buy,1.86123,1.8613,N/A,N/A,N/A,N/A
411876745,2025-04-08 06:49:26,XRPUSD,53.288,1.86084,Buy,N/A,N/A,N/A,N/A,N/A,N/A
411876863,2025-04-08 06:49:51,XRPUSD,50.0,1.86079,Buy,N/A,N/A,N/A,N/A,N/A,N/A
411876889,2025-04-08 06:49:59,XRPUSD,2482.7,1.86037,Buy,N/A,N/A,N/A,N/A,N/A,N/A
2025-04-08 06:49_summary,2025-04-08 06:49:00,XRPUSD,2585.988,1.8603878057129424,Buy,1.86025,1.86109,N/A,N/A,N/A,N/A
411876922,2025-04-08 06:50:07,XRPUSD,19.955,1.86064,Buy,N/A,N/A,N/A,N/A,N/A,N/A
411876987,2025-04-08 06:50:25,XRPUSD,30.21818572,1.86031,Buy,N/A,N/A,N/A,N/A,N/A,N/A
411877066,2025-04-08 06:50:43,XRPUSD,228.0,1.86088,Buy,N/A,N/A,N/A,N/A,N/A,N/A
411877074,2025-04-08 06:50:46,XRPUSD,2482.7,1.8609,Buy,N/A,N/A,N/A,N/A,N/A,N/A
2025-04-08 06:50_summary,2025-04-08 06:50:00,XRPUSD,2760.87318572,1.8608900114827012,Buy,1.86044,1.86045,N/A,N/A,N/A,N/A
411877170,2025-04-08 06:51:02,XRPUSD,1000.0,1.86073,Buy,N/A,N/A,N/A,N/A,N/A,N/A
411877172,2025-04-08 06:51:03,XRPUSD,1000.0,1.86069,Buy,N/A,N/A,N/A,N/A,N/A,N/A
411877284,2025-04-08 06:51:30,XRPUSD,11.0,1.86026,Buy,N/A,N/A,N/A,N/A,N/A,N/A
411877314,2025-04-08 06:51:31,XRPUSD,107.52688172,1.85892,Buy,N/A,N/A,N/A,N/A,N/A,N/A
411877315,2025-04-08 06:51:31,XRPUSD,2375.17311828,1.85892,Buy,N/A,N/A,N/A,N/A,N/A,N/A
411877316,2025-04-08 06:51:32,XRPUSD,8.301704,1.85948,Buy,N/A,N/A,N/A,N/A,N/A,N/A
411877323,2025-04-08 06:51:36,XRPUSD,329.0,1.85973,Buy,N/A,N/A,N/A,N/A,N/A,N/A
411877354,2025-04-08 06:51:43,XRPUSD,9.97325789,1.85947,Buy,N/A,N/A,N/A,N/A,N/A,N/A
411877386,2025-04-08 06:51:54,XRPUSD,2482.7,1.85924,Buy,N/A,N/A,N/A,N/A,N/A,N/A
411877387,2025-04-08 06:51:54,XRPUSD,217.3,1.85925,Buy,N/A,N/A,N/A,N/A,N/A,N/A
411877388,2025-04-08 06:51:54,XRPUSD,151.0,1.85925,Buy,N/A,N/A,N/A,N/A,N/A,N/A
411877389,2025-04-08 06:51:54,XRPUSD,2340.28019235,1.85925,Buy,N/A,N/A,N/A,N/A,N/A,N/A
411877390,2025-04-08 06:51:54,XRPUSD,139.71980765,1.85925,Buy,N/A,N/A,N/A,N/A,N/A,N/A
2025-04-08 06:51_summary,2025-04-08 06:51:00,XRPUSD,10171.97496189,1.8594710991982464,Buy,1.859,1.85923,N/A,N/A,N/A,N/A
411877440,2025-04-08 06:52:05,XRPUSD,459.0,1.85914,Buy,N/A,N/A,N/A,N/A,N/A,N/A
411877452,2025-04-08 06:52:08,XRPUSD,189.0,1.85953,Buy,N/A,N/A,N/A,N/A,N/A,N/A
411877554,2025-04-08 06:52:33,XRPUSD,1000.0,1.86212,Buy,N/A,N/A,N/A,N/A,N/A,N/A
411877563,2025-04-08 06:52:37,XRPUSD,1087.0,1.86271,Buy,N/A,N/A,N/A,N/A,N/A,N/A
411877565,2025-04-08 06:52:38,XRPUSD,26.0,1.86269,Buy,N/A,N/A,N/A,N/A,N/A,N/A
411877582,2025-04-08 06:52:39,XRPUSD,8.00000056,1.86267,Buy,N/A,N/A,N/A,N/A,N/A,N/A
411877609,2025-04-08 06:52:44,XRPUSD,500.0,1.8622,Buy,N/A,N/A,N/A,N/A,N/A,N/A
2025-04-08 06:52_summary,2025-04-08 06:52:00,XRPUSD,3269.00000056,1.861766136433315,Buy,1.86177,1.86215,N/A,N/A,N/A,N/A
411877713,2025-04-08 06:53:10,XRPUSD,857.10157719,1.86024,Buy,N/A,N/A,N/A,N/A,N/A,N/A
411877754,2025-04-08 06:53:17,XRPUSD,2482.7,1.86045,Buy,N/A,N/A,N/A,N/A,N/A,N/A
411877828,2025-04-08 06:53:44,XRPUSD,366.0,1.86013,Buy,N/A,N/A,N/A,N/A,N/A,N/A
2025-04-08 06:53_summary,2025-04-08 06:53:00,XRPUSD,3705.80157719,1.8603698253535645,Buy,1.85993,1.86018,N/A,N/A,N/A,N/A
411877874,2025-04-08 06:54:04,XRPUSD,1000.0,1.85903,Buy,N/A,N/A,N/A,N/A,N/A,N/A
411877986,2025-04-08 06:54:35,XRPUSD,2482.7,1.85875,Buy,N/A,N/A,N/A,N/A,N/A,N/A
411877996,2025-04-08 06:54:38,XRPUSD,143.0,1.85902,Buy,N/A,N/A,N/A,N/A,N/A,N/A
411878036,2025-04-08 06:54:57,XRPUSD,1000.0,1.85864,Buy,N/A,N/A,N/A,N/A,N/A,N/A
2025-04-08 06:54_summary,2025-04-08 06:54:00,XRPUSD,4625.7,1.8587950980392156,Buy,1.85846,1.85864,N/A,N/A,N/A,N/A
411878066,2025-04-08 06:55:09,XRPUSD,159.0,1.85903,Buy,N/A,N/A,N/A,N/A,N/A,N/A
411878168,2025-04-08 06:55:21,XRPUSD,663.0,1.85835,Buy,N/A,N/A,N/A,N/A,N/A,N/A
411878169,2025-04-08 06:55:21,XRPUSD,374.059,1.85836,Buy,N/A,N/A,N/A,N/A,N/A,N/A
411878269,2025-04-08 06:55:48,XRPUSD,9.746,1.85774,Buy,N/A,N/A,N/A,N/A,N/A,N/A
2025-04-08 06:55_summary,2025-04-08 06:55:00,XRPUSD,1205.805,1.8584378380252191,Buy,1.85779,1.85794,N/A,N/A,N/A,N/A
411878306,2025-04-08 06:56:09,XRPUSD,200.0,1.85802,Buy,N/A,N/A,N/A,N/A,N/A,N/A
411878399,2025-04-08 06:56:34,XRPUSD,199.99965047,1.85952,Buy,N/A,N/A,N/A,N/A,N/A,N/A
411878406,2025-04-08 06:56:37,XRPUSD,2482.7,1.85971,Buy,N/A,N/A,N/A,N/A,N/A,N/A
411878407,2025-04-08 06:56:37,XRPUSD,1000.0,1.86,Buy,N/A,N/A,N/A,N/A,N/A,N/A
411878411,2025-04-08 06:56:37,XRPUSD,155.77394911,1.85999,Buy,N/A,N/A,N/A,N/A,N/A,N/A
411878412,2025-04-08 06:56:37,XRPUSD,2326.92605089,1.85999,Buy,N/A,N/A,N/A,N/A,N/A,N/A
411878413,2025-04-08 06:56:37,XRPUSD,2783.1,1.86,Buy,N/A,N/A,N/A,N/A,N/A,N/A
411878460,2025-04-08 06:56:56,XRPUSD,143.0,1.86105,Buy,N/A,N/A,N/A,N/A,N/A,N/A
2025-04-08 06:56_summary,2025-04-08 06:56:00,XRPUSD,9291.499650470001,1.8598830479607054,Buy,1.86093,1.8613,N/A,N/A,N/A,N/A
411878563,2025-04-08 06:57:31,XRPUSD,801.0,1.85967,Buy,N/A,N/A,N/A,N/A,N/A,N/A
411878568,2025-04-08 06:57:33,XRPUSD,161.0,1.85954,Buy,N/A,N/A,N/A,N/A,N/A,N/A
411878621,2025-04-08 06:57:45,XRPUSD,2480.0,1.85903,Buy,N/A,N/A,N/A,N/A,N/A,N/A
411878622,2025-04-08 06:57:45,XRPUSD,2.7,1.85903,Buy,N/A,N/A,N/A,N/A,N/A,N/A
411878634,2025-04-08 06:57:53,XRPUSD,2480.0,1.85878,Buy,N/A,N/A,N/A,N/A,N/A,N/A
2025-04-08 06:57_summary,2025-04-08 06:57:00,XRPUSD,5924.7,1.8590257381808362,Buy,1.85725,1.85727,N/A,N/A,N/A,N/A
411878703,2025-04-08 06:58:14,XRPUSD,2482.7,1.85699,Buy,N/A,N/A,N/A,N/A,N/A,N/A
411878760,2025-04-08 06:58:33,XRPUSD,2480.0,1.85802,Buy,N/A,N/A,N/A,N/A,N/A,N/A
411878771,2025-04-08 06:58:37,XRPUSD,635.0,1.8581,Buy,N/A,N/A,N/A,N/A,N/A,N/A
411878788,2025-04-08 06:58:41,XRPUSD,1000.0,1.86066,Buy,N/A,N/A,N/A,N/A,N/A,N/A
411878793,2025-04-08 06:58:45,XRPUSD,178.042,1.86049,Buy,N/A,N/A,N/A,N/A,N/A,N/A
411878823,2025-04-08 06:58:59,XRPUSD,182.149,1.86104,Buy,N/A,N/A,N/A,N/A,N/A,N/A
2025-04-08 06:58_summary,2025-04-08 06:58:00,XRPUSD,6957.8910000000005,1.8581814674216652,Buy,1.86033,1.86092,N/A,N/A,N/A,N/A
411878834,2025-04-08 06:59:05,XRPUSD,2482.7,1.86079,Buy,N/A,N/A,N/A,N/A,N/A,N/A
411878901,2025-04-08 06:59:25,XRPUSD,178.0,1.86058,Buy,N/A,N/A,N/A,N/A,N/A,N/A
411878916,2025-04-08 06:59:29,XRPUSD,33.0,1.8605,Buy,N/A,N/A,N/A,N/A,N/A,N/A
411878954,2025-04-08 06:59:49,XRPUSD,202.0,1.8598,Buy,N/A,N/A,N/A,N/A,N/A,N/A
411878959,2025-04-08 06:59:50,XRPUSD,641.25,1.85968,Buy,N/A,N/A,N/A,N/A,N/A,N/A
411878960,2025-04-08 06:59:50,XRPUSD,63.717098,1.85968,Buy,N/A,N/A,N/A,N/A,N/A,N/A
411878962,2025-04-08 06:59:52,XRPUSD,136.581169,1.85972,Buy,N/A,N/A,N/A,N/A,N/A,N/A
411878963,2025-04-08 06:59:52,XRPUSD,807.377013,1.85971,Buy,N/A,N/A,N/A,N/A,N/A,N/A
2025-04-08 06:59_summary,2025-04-08 06:59:00,XRPUSD,4544.62528,1.8603394562527167,Buy,1.85832,1.8594,N/A,N/A,N/A,N/A
411879160,2025-04-08 07:00:36,XRPUSD,2480.0,1.85793,Buy,N/A,N/A,N/A,N/A,N/A,N/A
411879162,2025-04-08 07:00:38,XRPUSD,220.22,1.85794,Buy,N/A,N/A,N/A,N/A,N/A,N/A
411879201,2025-04-08 07:00:51,XRPUSD,2482.7,1.85943,Buy,N/A,N/A,N/A,N/A,N/A,N/A
411879212,2025-04-08 07:00:55,XRPUSD,200.0,1.85991,Buy,N/A,N/A,N/A,N/A,N/A,N/A
411879213,2025-04-08 07:00:55,XRPUSD,2482.7,1.85992,Buy,N/A,N/A,N/A,N/A,N/A,N/A
411879214,2025-04-08 07:00:55,XRPUSD,1400.0,1.85991,Buy,N/A,N/A,N/A,N/A,N/A,N/A
411879215,2025-04-08 07:00:55,XRPUSD,1027.0999532,1.85991,Buy,N/A,N/A,N/A,N/A,N/A,N/A
411879222,2025-04-08 07:00:56,XRPUSD,6.098997,1.86013,Buy,N/A,N/A,N/A,N/A,N/A,N/A
411879223,2025-04-08 07:00:56,XRPUSD,2473.901003,1.86036,Buy,N/A,N/A,N/A,N/A,N/A,N/A
2025-04-08 07:00_summary,2025-04-08 07:00:00,XRPUSD,12772.719953199998,1.8594874975738072,Buy,1.86035,1.86036,N/A,N/A,N/A,N/A
411879252,2025-04-08 07:01:01,XRPUSD,40.19508491,1.86035,Buy,N/A,N/A,N/A,N/A,N/A,N/A
411879256,2025-04-08 07:01:03,XRPUSD,2482.7,1.86043,Buy,N/A,N/A,N/A,N/A,N/A,N/A
411879326,2025-04-08 07:01:16,XRPUSD,200.0,1.86054,Buy,N/A,N/A,N/A,N/A,N/A,N/A
411879339,2025-04-08 07:01:17,XRPUSD,295.0,1.8608,Buy,N/A,N/A,N/A,N/A,N/A,N/A
411879340,2025-04-08 07:01:17,XRPUSD,1944.92821236,1.8608,Buy,N/A,N/A,N/A,N/A,N/A,N/A
411879514,2025-04-08 07:01:32,XRPUSD,28.94957113,1.86142,Buy,N/A,N/A,N/A,N/A,N/A,N/A
411879543,2025-04-08 07:01:40,XRPUSD,6.2948,1.86141,Buy,N/A,N/A,N/A,N/A,N/A,N/A
411879545,2025-04-08 07:01:40,XRPUSD,5.407535,1.86141,Buy,N/A,N/A,N/A,N/A,N/A,N/A
411879550,2025-04-08 07:01:43,XRPUSD,2482.7,1.86242,Buy,N/A,N/A,N/A,N/A,N/A,N/A
411879553,2025-04-08 07:01:44,XRPUSD,175.0,1.86262,Buy,N/A,N/A,N/A,N/A,N/A,N/A
411879589,2025-04-08 07:01:53,XRPUSD,200.0,1.8619,Buy,N/A,N/A,N/A,N/A,N/A,N/A
411879590,2025-04-08 07:01:53,XRPUSD,804.0,1.86191,Buy,N/A,N/A,N/A,N/A,N/A,N/A
411879594,2025-04-08 07:01:54,XRPUSD,14.373963,1.86196,Buy,N/A,N/A,N/A,N/A,N/A,N/A
411879596,2025-04-08 07:01:56,XRPUSD,2482.7,1.86247,Buy,N/A,N/A,N/A,N/A,N/A,N/A
411879597,2025-04-08 07:01:56,XRPUSD,1324.3,1.86254,Buy,N/A,N/A,N/A,N/A,N/A,N/A
2025-04-08 07:01_summary,2025-04-08 07:01:00,XRPUSD,12486.549166399996,1.8616774545329793,Buy,1.86245,1.86256,N/A,N/A,N/A,N/A
411879627,2025-04-08 07:02:07,XRPUSD,149.0,1.86313,Buy,N/A,N/A,N/A,N/A,N/A,N/A
411879635,2025-04-08 07:02:10,XRPUSD,233.0,1.86321,Buy,N/A,N/A,N/A,N/A,N/A,N/A
411879665,2025-04-08 07:02:13,XRPUSD,2482.7,1.86276,Buy,N/A,N/A,N/A,N/A,N/A,N/A
411879678,2025-04-08 07:02:19,XRPUSD,2480.0,1.86275,Buy,N/A,N/A,N/A,N/A,N/A,N/A
411879716,2025-04-08 07:02:35,XRPUSD,176.0,1.86357,Buy,N/A,N/A,N/A,N/A,N/A,N/A
411879759,2025-04-08 07:02:50,XRPUSD,60.0,1.86376,Buy,N/A,N/A,N/A,N/A,N/A,N/A
411879784,2025-04-08 07:02:54,XRPUSD,180.0,1.86297,Buy,N/A,N/A,N/A,N/A,N/A,N/A
2025-04-08 07:02_summary,2025-04-08 07:02:00,XRPUSD,5760.7,1.8628251899942716,Buy,1.86265,1.86309,N/A,N/A,N/A,N/A
411879874,2025-04-08 07:03:29,XRPUSD,190.0,1.86297,Buy,N/A,N/A,N/A,N/A,N/A,N/A
411879880,2025-04-08 07:03:32,XRPUSD,141.0,1.86296,Buy,N/A,N/A,N/A,N/A,N/A,N/A
411879910,2025-04-08 07:03:38,XRPUSD,13.136211,1.86207,Buy,N/A,N/A,N/A,N/A,N/A,N/A
411879914,2025-04-08 07:03:41,XRPUSD,802.0,1.86216,Buy,N/A,N/A,N/A,N/A,N/A,N/A
411879934,2025-04-08 07:03:45,XRPUSD,5004.0,1.86088,Buy,N/A,N/A,N/A,N/A,N/A,N/A
411879935,2025-04-08 07:03:46,XRPUSD,855.33956531,1.86107,Buy,N/A,N/A,N/A,N/A,N/A,N/A
411879936,2025-04-08 07:03:46,XRPUSD,2853.66043469,1.86107,Buy,N/A,N/A,N/A,N/A,N/A,N/A
411879946,2025-04-08 07:03:53,XRPUSD,119.0,1.86143,Buy,N/A,N/A,N/A,N/A,N/A,N/A
411879952,2025-04-08 07:03:57,XRPUSD,5049.0,1.86143,Buy,N/A,N/A,N/A,N/A,N/A,N/A
411879953,2025-04-08 07:03:57,XRPUSD,1476.54788211,1.86143,Buy,N/A,N/A,N/A,N/A,N/A,N/A
2025-04-08 07:03_summary,2025-04-08 07:03:00,XRPUSD,16503.684093109998,1.8612491165797822,Buy,1.86143,1.8615,N/A,N/A,N/A,N/A
411879967,2025-04-08 07:04:03,XRPUSD,4056.0,1.86151,Buy,N/A,N/A,N/A,N/A,N/A,N/A
411879980,2025-04-08 07:04:07,XRPUSD,598.0,1.86151,Buy,N/A,N/A,N/A,N/A,N/A,N/A
411879983,2025-04-08 07:04:07,XRPUSD,4957.0,1.86158,Buy,N/A,N/A,N/A,N/A,N/A,N/A
411880007,2025-04-08 07:04:10,XRPUSD,5.89585022,1.86138,Buy,N/A,N/A,N/A,N/A,N/A,N/A
411880019,2025-04-08 07:04:12,XRPUSD,3701.10414978,1.86138,Buy,N/A,N/A,N/A,N/A,N/A,N/A
411880023,2025-04-08 07:04:14,XRPUSD,2482.7,1.86204,Buy,N/A,N/A,N/A,N/A,N/A,N/A
411880024,2025-04-08 07:04:14,XRPUSD,611.3,1.86205,Buy,N/A,N/A,N/A,N/A,N/A,N/A
411880029,2025-04-08 07:04:16,XRPUSD,2480.0,1.86207,Buy,N/A,N/A,N/A,N/A,N/A,N/A
411880035,2025-04-08 07:04:18,XRPUSD,2480.0,1.86203,Buy,N/A,N/A,N/A,N/A,N/A,N/A
411880039,2025-04-08 07:04:19,XRPUSD,2480.0,1.86207,Buy,N/A,N/A,N/A,N/A,N/A,N/A
411880042,2025-04-08 07:04:19,XRPUSD,2.7,1.86207,Buy,N/A,N/A,N/A,N/A,N/A,N/A
411880043,2025-04-08 07:04:19,XRPUSD,137.3,1.86208,Buy,N/A,N/A,N/A,N/A,N/A,N/A
411880070,2025-04-08 07:04:24,XRPUSD,952.0,1.86122,Buy,N/A,N/A,N/A,N/A,N/A,N/A
411880078,2025-04-08 07:04:27,XRPUSD,2833.0,1.86122,Buy,N/A,N/A,N/A,N/A,N/A,N/A
411880079,2025-04-08 07:04:27,XRPUSD,2482.7,1.86122,Buy,N/A,N/A,N/A,N/A,N/A,N/A
411880080,2025-04-08 07:04:27,XRPUSD,2685.90267352,1.86158,Buy,N/A,N/A,N/A,N/A,N/A,N/A
411880081,2025-04-08 07:04:27,XRPUSD,2685.82285554,1.86163,Buy,N/A,N/A,N/A,N/A,N/A,N/A
411880082,2025-04-08 07:04:28,XRPUSD,127.0,1.86169,Buy,N/A,N/A,N/A,N/A,N/A,N/A
411880130,2025-04-08 07:04:35,XRPUSD,4654.0,1.85928,Buy,N/A,N/A,N/A,N/A,N/A,N/A
411880133,2025-04-08 07:04:35,XRPUSD,2482.7,1.85965,Buy,N/A,N/A,N/A,N/A,N/A,N/A
411880134,2025-04-08 07:04:35,XRPUSD,3976.0,1.85966,Buy,N/A,N/A,N/A,N/A,N/A,N/A
411880212,2025-04-08 07:04:58,XRPUSD,2922.0,1.85706,Buy,N/A,N/A,N/A,N/A,N/A,N/A
2025-04-08 07:04_summary,2025-04-08 07:04:00,XRPUSD,49793.125529059995,1.8608878013181338,Buy,1.8569,1.85739,N/A,N/A,N/A,N/A
411880248,2025-04-08 07:05:09,XRPUSD,2482.7,1.85582,Buy,N/A,N/A,N/A,N/A,N/A,N/A
411880261,2025-04-08 07:05:13,XRPUSD,2482.7,1.85616,Buy,N/A,N/A,N/A,N/A,N/A,N/A
411880262,2025-04-08 07:05:13,XRPUSD,3382.34351309,1.85619,Buy,N/A,N/A,N/A,N/A,N/A,N/A
411880357,2025-04-08 07:05:27,XRPUSD,2482.7,1.85503,Buy,N/A,N/A,N/A,N/A,N/A,N/A
411880358,2025-04-08 07:05:27,XRPUSD,200.0,1.85504,Buy,N/A,N/A,N/A,N/A,N/A,N/A
411880376,2025-04-08 07:05:35,XRPUSD,2480.0,1.85547,Buy,N/A,N/A,N/A,N/A,N/A,N/A
411880379,2025-04-08 07:05:35,XRPUSD,4810.0,1.85548,Buy,N/A,N/A,N/A,N/A,N/A,N/A
411880380,2025-04-08 07:05:36,XRPUSD,6.996872,1.85602,Buy,N/A,N/A,N/A,N/A,N/A,N/A
411880394,2025-04-08 07:05:41,XRPUSD,634.0,1.85602,Buy,N/A,N/A,N/A,N/A,N/A,N/A
411880395,2025-04-08 07:05:41,XRPUSD,2482.7,1.85602,Buy,N/A,N/A,N/A,N/A,N/A,N/A
411880398,2025-04-08 07:05:41,XRPUSD,382.0,1.85646,Buy,N/A,N/A,N/A,N/A,N/A,N/A
411880412,2025-04-08 07:05:42,XRPUSD,4195.01898874,1.85602,Buy,N/A,N/A,N/A,N/A,N/A,N/A
411880413,2025-04-08 07:05:42,XRPUSD,6198.57211889,1.85602,Buy,N/A,N/A,N/A,N/A,N/A,N/A
411880414,2025-04-08 07:05:42,XRPUSD,643.9388,1.85602,Buy,N/A,N/A,N/A,N/A,N/A,N/A
411880418,2025-04-08 07:05:42,XRPUSD,960.07,1.85602,Buy,N/A,N/A,N/A,N/A,N/A,N/A
411880419,2025-04-08 07:05:42,XRPUSD,604.45833428,1.85602,Buy,N/A,N/A,N/A,N/A,N/A,N/A
411880426,2025-04-08 07:05:47,XRPUSD,266.09773,1.85705,Buy,N/A,N/A,N/A,N/A,N/A,N/A
411880456,2025-04-08 07:05:56,XRPUSD,2482.7,1.85591,Buy,N/A,N/A,N/A,N/A,N/A,N/A
411880458,2025-04-08 07:05:56,XRPUSD,5120.0,1.85592,Buy,N/A,N/A,N/A,N/A,N/A,N/A
411880469,2025-04-08 07:06:00,XRPUSD,45.482184,1.85616,Buy,N/A,N/A,N/A,N/A,N/A,N/A
2025-04-08 07:05_summary,2025-04-08 07:05:00,XRPUSD,42296.996357,1.855865564141582,Buy,1.85595,1.8561,N/A,N/A,N/A,N/A
411880477,2025-04-08 07:06:01,XRPUSD,29.808303,1.8555,Buy,N/A,N/A,N/A,N/A,N/A,N/A
411880528,2025-04-08 07:06:07,XRPUSD,2480.0,1.85459,Buy,N/A,N/A,N/A,N/A,N/A,N/A
411880593,2025-04-08 07:06:11,XRPUSD,1.0,1.85278,Buy,N/A,N/A,N/A,N/A,N/A,N/A
411880596,2025-04-08 07:06:12,XRPUSD,4407.0,1.85279,Buy,N/A,N/A,N/A,N/A,N/A,N/A
411880599,2025-04-08 07:06:12,XRPUSD,136.95148889,1.85292,Buy,N/A,N/A,N/A,N/A,N/A,N/A
411880600,2025-04-08 07:06:12,XRPUSD,3400.0,1.85292,Buy,N/A,N/A,N/A,N/A,N/A,N/A
411880601,2025-04-08 07:06:13,XRPUSD,221.04851111,1.85292,Buy,N/A,N/A,N/A,N/A,N/A,N/A
411880629,2025-04-08 07:06:22,XRPUSD,2480.0,1.85322,Buy,N/A,N/A,N/A,N/A,N/A,N/A
411880630,2025-04-08 07:06:23,XRPUSD,2.7,1.85322,Buy,N/A,N/A,N/A,N/A,N/A,N/A
411880631,2025-04-08 07:06:23,XRPUSD,4343.0,1.85323,Buy,N/A,N/A,N/A,N/A,N/A,N/A
411880663,2025-04-08 07:06:27,XRPUSD,2482.7,1.85363,Buy,N/A,N/A,N/A,N/A,N/A,N/A
411880664,2025-04-08 07:06:27,XRPUSD,2342.23177959,1.85364,Buy,N/A,N/A,N/A,N/A,N/A,N/A
411880665,2025-04-08 07:06:27,XRPUSD,2280.76822041,1.85364,Buy,N/A,N/A,N/A,N/A,N/A,N/A
411880837,2025-04-08 07:06:48,XRPUSD,3754.0,1.85046,Buy,N/A,N/A,N/A,N/A,N/A,N/A
411880839,2025-04-08 07:06:48,XRPUSD,6.595022,1.85094,Buy,N/A,N/A,N/A,N/A,N/A,N/A
411880843,2025-04-08 07:06:51,XRPUSD,136.0,1.85147,Buy,N/A,N/A,N/A,N/A,N/A,N/A
2025-04-08 07:06_summary,2025-04-08 07:06:00,XRPUSD,28549.285509,1.8529735963169323,Buy,1.85074,1.85148,N/A,N/A,N/A,N/A
411880962,2025-04-08 07:07:10,XRPUSD,107.56756756,1.84995,Buy,N/A,N/A,N/A,N/A,N/A,N/A
411880963,2025-04-08 07:07:10,XRPUSD,324.32432432,1.84995,Buy,N/A,N/A,N/A,N/A,N/A,N/A
411880978,2025-04-08 07:07:11,XRPUSD,25.0,1.8491,Buy,N/A,N/A,N/A,N/A,N/A,N/A
411880979,2025-04-08 07:07:11,XRPUSD,10.743,1.8491,Buy,N/A,N/A,N/A,N/A,N/A,N/A
411881003,2025-04-08 07:07:17,XRPUSD,255.0,1.84939,Buy,N/A,N/A,N/A,N/A,N/A,N/A
411881005,2025-04-08 07:07:17,XRPUSD,3085.0,1.84944,Buy,N/A,N/A,N/A,N/A,N/A,N/A
411881025,2025-04-08 07:07:22,XRPUSD,8.077064,1.84899,Buy,N/A,N/A,N/A,N/A,N/A,N/A
411881055,2025-04-08 07:07:29,XRPUSD,1000.0,1.84913,Buy,N/A,N/A,N/A,N/A,N/A,N/A
411881060,2025-04-08 07:07:30,XRPUSD,1000.0,1.84904,Buy,N/A,N/A,N/A,N/A,N/A,N/A
411881062,2025-04-08 07:07:31,XRPUSD,1000.0,1.84908,Buy,N/A,N/A,N/A,N/A,N/A,N/A
411881065,2025-04-08 07:07:32,XRPUSD,200.0,1.84931,Buy,N/A,N/A,N/A,N/A,N/A,N/A
411881066,2025-04-08 07:07:32,XRPUSD,800.0,1.84932,Buy,N/A,N/A,N/A,N/A,N/A,N/A
411881074,2025-04-08 07:07:33,XRPUSD,1000.0,1.8487,Buy,N/A,N/A,N/A,N/A,N/A,N/A
411881076,2025-04-08 07:07:34,XRPUSD,1000.0,1.84884,Buy,N/A,N/A,N/A,N/A,N/A,N/A
411881077,2025-04-08 07:07:34,XRPUSD,332.0,1.84884,Buy,N/A,N/A,N/A,N/A,N/A,N/A
411881079,2025-04-08 07:07:35,XRPUSD,1000.0,1.84884,Buy,N/A,N/A,N/A,N/A,N/A,N/A
411881083,2025-04-08 07:07:37,XRPUSD,150.7,1.84884,Buy,N/A,N/A,N/A,N/A,N/A,N/A
411881084,2025-04-08 07:07:37,XRPUSD,849.3,1.84885,Buy,N/A,N/A,N/A,N/A,N/A,N/A
411881085,2025-04-08 07:07:37,XRPUSD,1674.22996,1.84885,Buy,N/A,N/A,N/A,N/A,N/A,N/A
411881086,2025-04-08 07:07:37,XRPUSD,791.47004,1.84885,Buy,N/A,N/A,N/A,N/A,N/A,N/A
411881087,2025-04-08 07:07:38,XRPUSD,1000.0,1.84931,Buy,N/A,N/A,N/A,N/A,N/A,N/A
411881089,2025-04-08 07:07:39,XRPUSD,1000.0,1.84931,Buy,N/A,N/A,N/A,N/A,N/A,N/A
411881090,2025-04-08 07:07:40,XRPUSD,1000.0,1.84982,Buy,N/A,N/A,N/A,N/A,N/A,N/A
411881091,2025-04-08 07:07:41,XRPUSD,1000.0,1.84982,Buy,N/A,N/A,N/A,N/A,N/A,N/A
411881094,2025-04-08 07:07:42,XRPUSD,482.7,1.84982,Buy,N/A,N/A,N/A,N/A,N/A,N/A
411881095,2025-04-08 07:07:42,XRPUSD,517.3,1.84982,Buy,N/A,N/A,N/A,N/A,N/A,N/A
411881099,2025-04-08 07:07:43,XRPUSD,1000.0,1.84976,Buy,N/A,N/A,N/A,N/A,N/A,N/A
411881106,2025-04-08 07:07:44,XRPUSD,1000.0,1.84936,Buy,N/A,N/A,N/A,N/A,N/A,N/A
411881110,2025-04-08 07:07:45,XRPUSD,1000.0,1.84932,Buy,N/A,N/A,N/A,N/A,N/A,N/A
411881114,2025-04-08 07:07:46,XRPUSD,1000.0,1.84929,Buy,N/A,N/A,N/A,N/A,N/A,N/A
411881117,2025-04-08 07:07:47,XRPUSD,1000.0,1.84911,Buy,N/A,N/A,N/A,N/A,N/A,N/A
411881124,2025-04-08 07:07:48,XRPUSD,1000.0,1.8491,Buy,N/A,N/A,N/A,N/A,N/A,N/A
411881126,2025-04-08 07:07:49,XRPUSD,578.0,1.8491,Buy,N/A,N/A,N/A,N/A,N/A,N/A
411881127,2025-04-08 07:07:49,XRPUSD,422.0,1.8491,Buy,N/A,N/A,N/A,N/A,N/A,N/A
411881130,2025-04-08 07:07:50,XRPUSD,1000.0,1.8491,Buy,N/A,N/A,N/A,N/A,N/A,N/A
411881133,2025-04-08 07:07:51,XRPUSD,1000.0,1.8491,Buy,N/A,N/A,N/A,N/A,N/A,N/A
411881134,2025-04-08 07:07:52,XRPUSD,60.7,1.8491,Buy,N/A,N/A,N/A,N/A,N/A,N/A
411881135,2025-04-08 07:07:52,XRPUSD,939.3,1.84911,Buy,N/A,N/A,N/A,N/A,N/A,N/A
411881137,2025-04-08 07:07:53,XRPUSD,1000.0,1.8491,Buy,N/A,N/A,N/A,N/A,N/A,N/A
411881154,2025-04-08 07:07:54,XRPUSD,1000.0,1.8491,Buy,N/A,N/A,N/A,N/A,N/A,N/A
411881155,2025-04-08 07:07:55,XRPUSD,1000.0,1.8491,Buy,N/A,N/A,N/A,N/A,N/A,N/A
411881168,2025-04-08 07:07:56,XRPUSD,1000.0,1.8491,Buy,N/A,N/A,N/A,N/A,N/A,N/A
411881170,2025-04-08 07:07:57,XRPUSD,1000.0,1.84904,Buy,N/A,N/A,N/A,N/A,N/A,N/A
411881172,2025-04-08 07:07:58,XRPUSD,1000.0,1.8485,Buy,N/A,N/A,N/A,N/A,N/A,N/A
411881177,2025-04-08 07:07:58,XRPUSD,818.0,1.84852,Buy,N/A,N/A,N/A,N/A,N/A,N/A
411881180,2025-04-08 07:07:59,XRPUSD,1000.0,1.84843,Buy,N/A,N/A,N/A,N/A,N/A,N/A
411881196,2025-04-08 07:08:00,XRPUSD,1000.0,1.84852,Buy,N/A,N/A,N/A,N/A,N/A,N/A
2025-04-08 07:07_summary,2025-04-08 07:07:00,XRPUSD,37431.41195588,1.8491509671030657,Buy,1.84787,1.84846,N/A,N/A,N/A,N/A
411881198,2025-04-08 07:08:01,XRPUSD,1000.0,1.84862,Buy,N/A,N/A,N/A,N/A,N/A,N/A
411881201,2025-04-08 07:08:02,XRPUSD,1000.0,1.84862,Buy,N/A,N/A,N/A,N/A,N/A,N/A
411881202,2025-04-08 07:08:03,XRPUSD,1000.0,1.84862,Buy,N/A,N/A,N/A,N/A,N/A,N/A
411881205,2025-04-08 07:08:04,XRPUSD,1000.0,1.84863,Buy,N/A,N/A,N/A,N/A,N/A,N/A
411881210,2025-04-08 07:08:05,XRPUSD,1000.0,1.84863,Buy,N/A,N/A,N/A,N/A,N/A,N/A
411881213,2025-04-08 07:08:06,XRPUSD,1639.0,1.84863,Buy,N/A,N/A,N/A,N/A,N/A,N/A
411881215,2025-04-08 07:08:06,XRPUSD,1000.0,1.84886,Buy,N/A,N/A,N/A,N/A,N/A,N/A
411881219,2025-04-08 07:08:07,XRPUSD,1172.0,1.84886,Buy,N/A,N/A,N/A,N/A,N/A,N/A
411881223,2025-04-08 07:08:07,XRPUSD,1000.0,1.84886,Buy,N/A,N/A,N/A,N/A,N/A,N/A
411881238,2025-04-08 07:08:08,XRPUSD,1000.0,1.84865,Buy,N/A,N/A,N/A,N/A,N/A,N/A
411881242,2025-04-08 07:08:09,XRPUSD,1000.0,1.84865,Buy,N/A,N/A,N/A,N/A,N/A,N/A
411881248,2025-04-08 07:08:10,XRPUSD,1000.0,1.84879,Buy,N/A,N/A,N/A,N/A,N/A,N/A
411881252,2025-04-08 07:08:11,XRPUSD,1000.0,1.84833,Buy,N/A,N/A,N/A,N/A,N/A,N/A
411881279,2025-04-08 07:08:12,XRPUSD,218.0,1.84789,Buy,N/A,N/A,N/A,N/A,N/A,N/A
411881280,2025-04-08 07:08:12,XRPUSD,782.0,1.84799,Buy,N/A,N/A,N/A,N/A,N/A,N/A
411881281,2025-04-08 07:08:13,XRPUSD,1000.0,1.84799,Buy,N/A,N/A,N/A,N/A,N/A,N/A
411881283,2025-04-08 07:08:14,XRPUSD,1000.0,1.84798,Buy,N/A,N/A,N/A,N/A,N/A,N/A
411881284,2025-04-08 07:08:15,XRPUSD,1000.0,1.848,Buy,N/A,N/A,N/A,N/A,N/A,N/A
411881286,2025-04-08 07:08:16,XRPUSD,1000.0,1.84784,Buy,N/A,N/A,N/A,N/A,N/A,N/A
411881290,2025-04-08 07:08:17,XRPUSD,1000.0,1.84784,Buy,N/A,N/A,N/A,N/A,N/A,N/A
411881293,2025-04-08 07:08:18,XRPUSD,1000.0,1.84799,Buy,N/A,N/A,N/A,N/A,N/A,N/A
411881296,2025-04-08 07:08:19,XRPUSD,1000.0,1.84799,Buy,N/A,N/A,N/A,N/A,N/A,N/A
411881303,2025-04-08 07:08:20,XRPUSD,375.0,1.84792,Buy,N/A,N/A,N/A,N/A,N/A,N/A
411881304,2025-04-08 07:08:20,XRPUSD,625.0,1.84793,Buy,N/A,N/A,N/A,N/A,N/A,N/A
411881308,2025-04-08 07:08:21,XRPUSD,1000.0,1.8476,Buy,N/A,N/A,N/A,N/A,N/A,N/A
411881314,2025-04-08 07:08:22,XRPUSD,1000.0,1.84738,Buy,N/A,N/A,N/A,N/A,N/A,N/A
411881317,2025-04-08 07:08:23,XRPUSD,1000.0,1.84738,Buy,N/A,N/A,N/A,N/A,N/A,N/A
411881324,2025-04-08 07:08:24,XRPUSD,1000.0,1.84751,Buy,N/A,N/A,N/A,N/A,N/A,N/A
411881329,2025-04-08 07:08:25,XRPUSD,1000.0,1.84766,Buy,N/A,N/A,N/A,N/A,N/A,N/A
411881330,2025-04-08 07:08:26,XRPUSD,1000.0,1.84751,Buy,N/A,N/A,N/A,N/A,N/A,N/A
411881331,2025-04-08 07:08:27,XRPUSD,1000.0,1.84748,Buy,N/A,N/A,N/A,N/A,N/A,N/A
411881346,2025-04-08 07:08:28,XRPUSD,1000.0,1.84731,Buy,N/A,N/A,N/A,N/A,N/A,N/A
411881348,2025-04-08 07:08:29,XRPUSD,1000.0,1.84731,Buy,N/A,N/A,N/A,N/A,N/A,N/A
411881349,2025-04-08 07:08:29,XRPUSD,9.050685,1.84731,Buy,N/A,N/A,N/A,N/A,N/A,N/A
411881353,2025-04-08 07:08:30,XRPUSD,473.649315,1.84731,Buy,N/A,N/A,N/A,N/A,N/A,N/A
411881354,2025-04-08 07:08:30,XRPUSD,526.350685,1.84732,Buy,N/A,N/A,N/A,N/A,N/A,N/A
411881356,2025-04-08 07:08:31,XRPUSD,1000.0,1.84732,Buy,N/A,N/A,N/A,N/A,N/A,N/A
411881357,2025-04-08 07:08:32,XRPUSD,1000.0,1.84731,Buy,N/A,N/A,N/A,N/A,N/A,N/A
411881358,2025-04-08 07:08:33,XRPUSD,1000.0,1.84731,Buy,N/A,N/A,N/A,N/A,N/A,N/A
411881359,2025-04-08 07:08:34,XRPUSD,1000.0,1.84731,Buy,N/A,N/A,N/A,N/A,N/A,N/A
411881362,2025-04-08 07:08:35,XRPUSD,1000.0,1.84732,Buy,N/A,N/A,N/A,N/A,N/A,N/A
411881367,2025-04-08 07:08:36,XRPUSD,1000.0,1.84731,Buy,N/A,N/A,N/A,N/A,N/A,N/A
411881370,2025-04-08 07:08:37,XRPUSD,664.0,1.84732,Buy,N/A,N/A,N/A,N/A,N/A,N/A
411881371,2025-04-08 07:08:37,XRPUSD,485.649315,1.84732,Buy,N/A,N/A,N/A,N/A,N/A,N/A
411881372,2025-04-08 07:08:37,XRPUSD,514.350685,1.84787,Buy,N/A,N/A,N/A,N/A,N/A,N/A
411881380,2025-04-08 07:08:38,XRPUSD,1000.0,1.84822,Buy,N/A,N/A,N/A,N/A,N/A,N/A
411881381,2025-04-08 07:08:39,XRPUSD,1000.0,1.84819,Buy,N/A,N/A,N/A,N/A,N/A,N/A
411881384,2025-04-08 07:08:40,XRPUSD,12.0,1.84812,Buy,N/A,N/A,N/A,N/A,N/A,N/A
411881385,2025-04-08 07:08:40,XRPUSD,988.0,1.84819,Buy,N/A,N/A,N/A,N/A,N/A,N/A
411881386,2025-04-08 07:08:41,XRPUSD,1000.0,1.84817,Buy,N/A,N/A,N/A,N/A,N/A,N/A
411881387,2025-04-08 07:08:42,XRPUSD,1000.0,1.84818,Buy,N/A,N/A,N/A,N/A,N/A,N/A
411881391,2025-04-08 07:08:43,XRPUSD,1000.0,1.8484,Buy,N/A,N/A,N/A,N/A,N/A,N/A
411881398,2025-04-08 07:08:43,XRPUSD,502.63063,1.84861,Buy,N/A,N/A,N/A,N/A,N/A,N/A
411881399,2025-04-08 07:08:43,XRPUSD,300.0,1.84861,Buy,N/A,N/A,N/A,N/A,N/A,N/A
411881400,2025-04-08 07:08:43,XRPUSD,5141.0,1.84888,Buy,N/A,N/A,N/A,N/A,N/A,N/A
411881409,2025-04-08 07:08:44,XRPUSD,1000.0,1.84989,Buy,N/A,N/A,N/A,N/A,N/A,N/A
411881411,2025-04-08 07:08:45,XRPUSD,1000.0,1.84988,Buy,N/A,N/A,N/A,N/A,N/A,N/A
411881413,2025-04-08 07:08:46,XRPUSD,1000.0,1.8496,Buy,N/A,N/A,N/A,N/A,N/A,N/A
411881414,2025-04-08 07:08:47,XRPUSD,1000.0,1.84962,Buy,N/A,N/A,N/A,N/A,N/A,N/A
411881421,2025-04-08 07:08:48,XRPUSD,1000.0,1.84949,Buy,N/A,N/A,N/A,N/A,N/A,N/A
411881427,2025-04-08 07:08:49,XRPUSD,1000.0,1.84988,Buy,N/A,N/A,N/A,N/A,N/A,N/A
411881431,2025-04-08 07:08:50,XRPUSD,1000.0,1.84994,Buy,N/A,N/A,N/A,N/A,N/A,N/A
411881448,2025-04-08 07:08:51,XRPUSD,1000.0,1.84938,Buy,N/A,N/A,N/A,N/A,N/A,N/A
411881451,2025-04-08 07:08:52,XRPUSD,334.0,1.84935,Buy,N/A,N/A,N/A,N/A,N/A,N/A
411881452,2025-04-08 07:08:52,XRPUSD,666.0,1.84958,Buy,N/A,N/A,N/A,N/A,N/A,N/A
411881456,2025-04-08 07:08:53,XRPUSD,1000.0,1.8496,Buy,N/A,N/A,N/A,N/A,N/A,N/A
411881457,2025-04-08 07:08:53,XRPUSD,146.0,1.84958,Buy,N/A,N/A,N/A,N/A,N/A,N/A
411881458,2025-04-08 07:08:54,XRPUSD,1000.0,1.84973,Buy,N/A,N/A,N/A,N/A,N/A,N/A
411881465,2025-04-08 07:08:55,XRPUSD,1000.0,1.84976,Buy,N/A,N/A,N/A,N/A,N/A,N/A
411881466,2025-04-08 07:08:56,XRPUSD,750.0,1.84975,Buy,N/A,N/A,N/A,N/A,N/A,N/A
411881468,2025-04-08 07:08:56,XRPUSD,250.0,1.84974,Buy,N/A,N/A,N/A,N/A,N/A,N/A
411881469,2025-04-08 07:08:57,XRPUSD,1000.0,1.84983,Buy,N/A,N/A,N/A,N/A,N/A,N/A
411881473,2025-04-08 07:08:58,XRPUSD,1000.0,1.84986,Buy,N/A,N/A,N/A,N/A,N/A,N/A
411881476,2025-04-08 07:08:58,XRPUSD,53.733,1.84984,Buy,N/A,N/A,N/A,N/A,N/A,N/A
411881477,2025-04-08 07:08:59,XRPUSD,146.0,1.84987,Buy,N/A,N/A,N/A,N/A,N/A,N/A
411881478,2025-04-08 07:08:59,XRPUSD,1000.0,1.84983,Buy,N/A,N/A,N/A,N/A,N/A,N/A
411881484,2025-04-08 07:09:00,XRPUSD,1000.0,1.8498,Buy,N/A,N/A,N/A,N/A,N/A,N/A
2025-04-08 07:08_summary,2025-04-08 07:08:00,XRPUSD,69773.41431499999,1.8484777095279414,Buy,1.84968,1.84985,N/A,N/A,N/A,N/A
411881490,2025-04-08 07:09:01,XRPUSD,200.0,1.84985,Buy,N/A,N/A,N/A,N/A,N/A,N/A
411881491,2025-04-08 07:09:01,XRPUSD,800.0,1.84986,Buy,N/A,N/A,N/A,N/A,N/A,N/A
411881492,2025-04-08 07:09:02,XRPUSD,1000.0,1.84969,Buy,N/A,N/A,N/A,N/A,N/A,N/A
411881494,2025-04-08 07:09:03,XRPUSD,1000.0,1.84969,Buy,N/A,N/A,N/A,N/A,N/A,N/A
411881496,2025-04-08 07:09:04,XRPUSD,1000.0,1.84987,Buy,N/A,N/A,N/A,N/A,N/A,N/A
411881504,2025-04-08 07:09:05,XRPUSD,1000.0,1.84969,Buy,N/A,N/A,N/A,N/A,N/A,N/A
411881505,2025-04-08 07:09:06,XRPUSD,1000.0,1.84986,Buy,N/A,N/A,N/A,N/A,N/A,N/A
411881506,2025-04-08 07:09:07,XRPUSD,1000.0,1.84986,Buy,N/A,N/A,N/A,N/A,N/A,N/A
411881509,2025-04-08 07:09:08,XRPUSD,482.7,1.84986,Buy,N/A,N/A,N/A,N/A,N/A,N/A
411881510,2025-04-08 07:09:08,XRPUSD,517.3,1.84987,Buy,N/A,N/A,N/A,N/A,N/A,N/A
411881516,2025-04-08 07:09:09,XRPUSD,1000.0,1.85034,Buy,N/A,N/A,N/A,N/A,N/A,N/A
411881522,2025-04-08 07:09:10,XRPUSD,1000.0,1.85083,Buy,N/A,N/A,N/A,N/A,N/A,N/A
411881523,2025-04-08 07:09:10,XRPUSD,152.0,1.85081,Buy,N/A,N/A,N/A,N/A,N/A,N/A
411881524,2025-04-08 07:09:11,XRPUSD,400.0,1.85006,Buy,N/A,N/A,N/A,N/A,N/A,N/A
411881527,2025-04-08 07:09:12,XRPUSD,23.896,1.85014,Buy,N/A,N/A,N/A,N/A,N/A,N/A
411881529,2025-04-08 07:09:12,XRPUSD,1000.0,1.85009,Buy,N/A,N/A,N/A,N/A,N/A,N/A
411881538,2025-04-08 07:09:13,XRPUSD,1000.0,1.85033,Buy,N/A,N/A,N/A,N/A,N/A,N/A
411881539,2025-04-08 07:09:14,XRPUSD,1000.0,1.85025,Buy,N/A,N/A,N/A,N/A,N/A,N/A
411881540,2025-04-08 07:09:15,XRPUSD,1000.0,1.85028,Buy,N/A,N/A,N/A,N/A,N/A,N/A
411881542,2025-04-08 07:09:16,XRPUSD,1000.0,1.85033,Buy,N/A,N/A,N/A,N/A,N/A,N/A
411881545,2025-04-08 07:09:17,XRPUSD,1000.0,1.85033,Buy,N/A,N/A,N/A,N/A,N/A,N/A
411881548,2025-04-08 07:09:18,XRPUSD,482.7,1.85033,Buy,N/A,N/A,N/A,N/A,N/A,N/A
411881549,2025-04-08 07:09:18,XRPUSD,517.3,1.85034,Buy,N/A,N/A,N/A,N/A,N/A,N/A
411881551,2025-04-08 07:09:19,XRPUSD,1000.0,1.85034,Buy,N/A,N/A,N/A,N/A,N/A,N/A
411881553,2025-04-08 07:09:20,XRPUSD,1000.0,1.85049,Buy,N/A,N/A,N/A,N/A,N/A,N/A
411881558,2025-04-08 07:09:21,XRPUSD,190.0,1.85077,Buy,N/A,N/A,N/A,N/A,N/A,N/A
411881559,2025-04-08 07:09:21,XRPUSD,1000.0,1.85075,Buy,N/A,N/A,N/A,N/A,N/A,N/A
411881564,2025-04-08 07:09:22,XRPUSD,403.0,1.85066,Buy,N/A,N/A,N/A,N/A,N/A,N/A
411881565,2025-04-08 07:09:22,XRPUSD,597.0,1.85082,Buy,N/A,N/A,N/A,N/A,N/A,N/A
411881568,2025-04-08 07:09:23,XRPUSD,601.0,1.85081,Buy,N/A,N/A,N/A,N/A,N/A,N/A
411881569,2025-04-08 07:09:23,XRPUSD,399.0,1.85094,Buy,N/A,N/A,N/A,N/A,N/A,N/A
411881571,2025-04-08 07:09:24,XRPUSD,1000.0,1.85077,Buy,N/A,N/A,N/A,N/A,N/A,N/A
411881578,2025-04-08 07:09:25,XRPUSD,1000.0,1.85077,Buy,N/A,N/A,N/A,N/A,N/A,N/A
411881583,2025-04-08 07:09:26,XRPUSD,1000.0,1.85107,Buy,N/A,N/A,N/A,N/A,N/A,N/A
411881584,2025-04-08 07:09:27,XRPUSD,1000.0,1.85096,Buy,N/A,N/A,N/A,N/A,N/A,N/A
411881590,2025-04-08 07:09:28,XRPUSD,1000.0,1.85091,Buy,N/A,N/A,N/A,N/A,N/A,N/A
411881594,2025-04-08 07:09:29,XRPUSD,366.0,1.85094,Buy,N/A,N/A,N/A,N/A,N/A,N/A
411881595,2025-04-08 07:09:29,XRPUSD,1000.0,1.85094,Buy,N/A,N/A,N/A,N/A,N/A,N/A
411881599,2025-04-08 07:09:30,XRPUSD,1000.0,1.85091,Buy,N/A,N/A,N/A,N/A,N/A,N/A
411881601,2025-04-08 07:09:31,XRPUSD,1000.0,1.85107,Buy,N/A,N/A,N/A,N/A,N/A,N/A
411881603,2025-04-08 07:09:32,XRPUSD,2482.7,1.8509,Buy,N/A,N/A,N/A,N/A,N/A,N/A
411881605,2025-04-08 07:09:33,XRPUSD,2274.0,1.85094,Buy,N/A,N/A,N/A,N/A,N/A,N/A
411881606,2025-04-08 07:09:33,XRPUSD,459.661088,1.85075,Buy,N/A,N/A,N/A,N/A,N/A,N/A
411881610,2025-04-08 07:09:35,XRPUSD,36.242692,1.84982,Buy,N/A,N/A,N/A,N/A,N/A,N/A
411881611,2025-04-08 07:09:36,XRPUSD,1000.0,1.85002,Buy,N/A,N/A,N/A,N/A,N/A,N/A
411881612,2025-04-08 07:09:37,XRPUSD,1000.0,1.84993,Buy,N/A,N/A,N/A,N/A,N/A,N/A
411881614,2025-04-08 07:09:38,XRPUSD,1000.0,1.84991,Buy,N/A,N/A,N/A,N/A,N/A,N/A
411881618,2025-04-08 07:09:39,XRPUSD,1000.0,1.85024,Buy,N/A,N/A,N/A,N/A,N/A,N/A
411881620,2025-04-08 07:09:40,XRPUSD,1000.0,1.85024,Buy,N/A,N/A,N/A,N/A,N/A,N/A
411881625,2025-04-08 07:09:41,XRPUSD,1000.0,1.85024,Buy,N/A,N/A,N/A,N/A,N/A,N/A
411881626,2025-04-08 07:09:42,XRPUSD,1000.0,1.85033,Buy,N/A,N/A,N/A,N/A,N/A,N/A
411881634,2025-04-08 07:09:43,XRPUSD,969.228,1.85053,Buy,N/A,N/A,N/A,N/A,N/A,N/A
411881635,2025-04-08 07:09:44,XRPUSD,1000.0,1.85075,Buy,N/A,N/A,N/A,N/A,N/A,N/A
411881637,2025-04-08 07:09:45,XRPUSD,1000.0,1.85052,Buy,N/A,N/A,N/A,N/A,N/A,N/A
411881640,2025-04-08 07:09:46,XRPUSD,1000.0,1.85057,Buy,N/A,N/A,N/A,N/A,N/A,N/A
411881642,2025-04-08 07:09:47,XRPUSD,1000.0,1.85074,Buy,N/A,N/A,N/A,N/A,N/A,N/A
411881644,2025-04-08 07:09:48,XRPUSD,1000.0,1.85075,Buy,N/A,N/A,N/A,N/A,N/A,N/A
411881649,2025-04-08 07:09:49,XRPUSD,1000.0,1.8509,Buy,N/A,N/A,N/A,N/A,N/A,N/A
411881651,2025-04-08 07:09:50,XRPUSD,1000.0,1.85123,Buy,N/A,N/A,N/A,N/A,N/A,N/A
411881653,2025-04-08 07:09:51,XRPUSD,1000.0,1.85068,Buy,N/A,N/A,N/A,N/A,N/A,N/A
411881658,2025-04-08 07:09:52,XRPUSD,1000.0,1.85074,Buy,N/A,N/A,N/A,N/A,N/A,N/A
411881660,2025-04-08 07:09:53,XRPUSD,69.70335548,1.85072,Buy,N/A,N/A,N/A,N/A,N/A,N/A
411881662,2025-04-08 07:09:53,XRPUSD,636.0,1.85071,Buy,N/A,N/A,N/A,N/A,N/A,N/A
411881663,2025-04-08 07:09:53,XRPUSD,364.0,1.85072,Buy,N/A,N/A,N/A,N/A,N/A,N/A
411881667,2025-04-08 07:09:54,XRPUSD,1000.0,1.851,Buy,N/A,N/A,N/A,N/A,N/A,N/A
411881669,2025-04-08 07:09:55,XRPUSD,812.0,1.85062,Buy,N/A,N/A,N/A,N/A,N/A,N/A
411881670,2025-04-08 07:09:55,XRPUSD,188.0,1.85072,Buy,N/A,N/A,N/A,N/A,N/A,N/A
411881675,2025-04-08 07:09:56,XRPUSD,459.634714,1.85086,Buy,N/A,N/A,N/A,N/A,N/A,N/A
411881676,2025-04-08 07:09:57,XRPUSD,1000.0,1.85085,Buy,N/A,N/A,N/A,N/A,N/A,N/A
411881679,2025-04-08 07:09:58,XRPUSD,1000.0,1.85065,Buy,N/A,N/A,N/A,N/A,N/A,N/A
411881683,2025-04-08 07:09:59,XRPUSD,1000.0,1.85112,Buy,N/A,N/A,N/A,N/A,N/A,N/A
411881685,2025-04-08 07:10:00,XRPUSD,1000.0,1.85057,Buy,N/A,N/A,N/A,N/A,N/A,N/A
2025-04-08 07:09_summary,2025-04-08 07:09:00,XRPUSD,60883.06584948,1.8505086530425063,Buy,1.85053,1.85067,N/A,N/A,N/A,N/A
411881687,2025-04-08 07:10:01,XRPUSD,1000.0,1.85108,Buy,N/A,N/A,N/A,N/A,N/A,N/A
411881691,2025-04-08 07:10:02,XRPUSD,1000.0,1.85054,Buy,N/A,N/A,N/A,N/A,N/A,N/A
411881692,2025-04-08 07:10:03,XRPUSD,1000.0,1.85054,Buy,N/A,N/A,N/A,N/A,N/A,N/A
411881694,2025-04-08 07:10:04,XRPUSD,482.7,1.85054,Buy,N/A,N/A,N/A,N/A,N/A,N/A
411881695,2025-04-08 07:10:04,XRPUSD,517.3,1.85055,Buy,N/A,N/A,N/A,N/A,N/A,N/A
411881700,2025-04-08 07:10:05,XRPUSD,1000.0,1.85054,Buy,N/A,N/A,N/A,N/A,N/A,N/A
411881702,2025-04-08 07:10:06,XRPUSD,1000.0,1.85054,Buy,N/A,N/A,N/A,N/A,N/A,N/A
411881707,2025-04-08 07:10:07,XRPUSD,1000.0,1.85004,Buy,N/A,N/A,N/A,N/A,N/A,N/A
411881712,2025-04-08 07:10:08,XRPUSD,1000.0,1.84988,Buy,N/A,N/A,N/A,N/A,N/A,N/A
411881713,2025-04-08 07:10:09,XRPUSD,1000.0,1.85021,Buy,N/A,N/A,N/A,N/A,N/A,N/A
411881714,2025-04-08 07:10:09,XRPUSD,1702.40387179,1.85021,Buy,N/A,N/A,N/A,N/A,N/A,N/A
411881715,2025-04-08 07:10:09,XRPUSD,798.65112821,1.85028,Buy,N/A,N/A,N/A,N/A,N/A,N/A
411881717,2025-04-08 07:10:10,XRPUSD,200.0,1.85029,Buy,N/A,N/A,N/A,N/A,N/A,N/A
411881718,2025-04-08 07:10:10,XRPUSD,259.480626,1.8503,Buy,N/A,N/A,N/A,N/A,N/A,N/A
411881720,2025-04-08 07:10:11,XRPUSD,1000.0,1.85037,Buy,N/A,N/A,N/A,N/A,N/A,N/A
411881721,2025-04-08 07:10:11,XRPUSD,108.333,1.85037,Buy,N/A,N/A,N/A,N/A,N/A,N/A
411881731,2025-04-08 07:10:12,XRPUSD,1000.0,1.85061,Buy,N/A,N/A,N/A,N/A,N/A,N/A
411881735,2025-04-08 07:10:13,XRPUSD,1000.0,1.85061,Buy,N/A,N/A,N/A,N/A,N/A,N/A
411881740,2025-04-08 07:10:14,XRPUSD,3975.0,1.85062,Buy,N/A,N/A,N/A,N/A,N/A,N/A
411881744,2025-04-08 07:10:14,XRPUSD,1000.0,1.85111,Buy,N/A,N/A,N/A,N/A,N/A,N/A
411881767,2025-04-08 07:10:15,XRPUSD,200.0,1.85169,Buy,N/A,N/A,N/A,N/A,N/A,N/A
411881768,2025-04-08 07:10:15,XRPUSD,614.0,1.8517,Buy,N/A,N/A,N/A,N/A,N/A,N/A
411881770,2025-04-08 07:10:15,XRPUSD,186.0,1.85169,Buy,N/A,N/A,N/A,N/A,N/A,N/A
411881774,2025-04-08 07:10:16,XRPUSD,1000.0,1.85166,Buy,N/A,N/A,N/A,N/A,N/A,N/A
411881788,2025-04-08 07:10:17,XRPUSD,1000.0,1.85173,Buy,N/A,N/A,N/A,N/A,N/A,N/A
411881792,2025-04-08 07:10:17,XRPUSD,232.0,1.85173,Buy,N/A,N/A,N/A,N/A,N/A,N/A
411881806,2025-04-08 07:10:18,XRPUSD,1000.0,1.85163,Buy,N/A,N/A,N/A,N/A,N/A,N/A
411881810,2025-04-08 07:10:19,XRPUSD,1000.0,1.85118,Buy,N/A,N/A,N/A,N/A,N/A,N/A
411881818,2025-04-08 07:10:20,XRPUSD,1000.0,1.85171,Buy,N/A,N/A,N/A,N/A,N/A,N/A
411881821,2025-04-08 07:10:21,XRPUSD,1000.0,1.85136,Buy,N/A,N/A,N/A,N/A,N/A,N/A
411881835,2025-04-08 07:10:23,XRPUSD,1000.0,1.85032,Buy,N/A,N/A,N/A,N/A,N/A,N/A
411881836,2025-04-08 07:10:24,XRPUSD,1000.0,1.85046,Buy,N/A,N/A,N/A,N/A,N/A,N/A
411881838,2025-04-08 07:10:25,XRPUSD,11.618945,1.85031,Buy,N/A,N/A,N/A,N/A,N/A,N/A
411881839,2025-04-08 07:10:25,XRPUSD,117.08298,1.85031,Buy,N/A,N/A,N/A,N/A,N/A,N/A
411881840,2025-04-08 07:10:25,XRPUSD,1000.0,1.85031,Buy,N/A,N/A,N/A,N/A,N/A,N/A
411881859,2025-04-08 07:10:27,XRPUSD,503.0,1.84967,Buy,N/A,N/A,N/A,N/A,N/A,N/A
411881861,2025-04-08 07:10:27,XRPUSD,389.499282,1.84997,Buy,N/A,N/A,N/A,N/A,N/A,N/A
411881862,2025-04-08 07:10:28,XRPUSD,200.0,1.84994,Buy,N/A,N/A,N/A,N/A,N/A,N/A
411881863,2025-04-08 07:10:28,XRPUSD,800.0,1.84995,Buy,N/A,N/A,N/A,N/A,N/A,N/A
411881865,2025-04-08 07:10:29,XRPUSD,1000.0,1.84992,Buy,N/A,N/A,N/A,N/A,N/A,N/A
411881867,2025-04-08 07:10:30,XRPUSD,1000.0,1.85005,Buy,N/A,N/A,N/A,N/A,N/A,N/A
411881878,2025-04-08 07:10:31,XRPUSD,1000.0,1.84946,Buy,N/A,N/A,N/A,N/A,N/A,N/A
411881889,2025-04-08 07:10:32,XRPUSD,933.62661,1.84966,Buy,N/A,N/A,N/A,N/A,N/A,N/A
411881895,2025-04-08 07:10:33,XRPUSD,1000.0,1.84948,Buy,N/A,N/A,N/A,N/A,N/A,N/A
411881896,2025-04-08 07:10:33,XRPUSD,155.0,1.84944,Buy,N/A,N/A,N/A,N/A,N/A,N/A
411881899,2025-04-08 07:10:34,XRPUSD,1000.0,1.84947,Buy,N/A,N/A,N/A,N/A,N/A,N/A
411881907,2025-04-08 07:10:35,XRPUSD,1000.0,1.85041,Buy,N/A,N/A,N/A,N/A,N/A,N/A
411881909,2025-04-08 07:10:36,XRPUSD,1000.0,1.85061,Buy,N/A,N/A,N/A,N/A,N/A,N/A
411881912,2025-04-08 07:10:37,XRPUSD,1000.0,1.85074,Buy,N/A,N/A,N/A,N/A,N/A,N/A
411881918,2025-04-08 07:10:38,XRPUSD,1000.0,1.85071,Buy,N/A,N/A,N/A,N/A,N/A,N/A
411881920,2025-04-08 07:10:39,XRPUSD,1000.0,1.85052,Buy,N/A,N/A,N/A,N/A,N/A,N/A
411881964,2025-04-08 07:10:54,XRPUSD,4833.0,1.85038,Buy,N/A,N/A,N/A,N/A,N/A,N/A
2025-04-08 07:10_summary,2025-04-08 07:10:00,XRPUSD,49218.696443,1.8505176235645977,Buy,1.85134,1.85136,N/A,N/A,N/A,N/A
411882027,2025-04-08 07:11:03,XRPUSD,48.028,1.85094,Buy,N/A,N/A,N/A,N/A,N/A,N/A
411882029,2025-04-08 07:11:04,XRPUSD,151.972,1.85094,Buy,N/A,N/A,N/A,N/A,N/A,N/A
411882030,2025-04-08 07:11:04,XRPUSD,848.028,1.85094,Buy,N/A,N/A,N/A,N/A,N/A,N/A
411882081,2025-04-08 07:11:19,XRPUSD,246.0,1.85039,Buy,N/A,N/A,N/A,N/A,N/A,N/A
411882098,2025-04-08 07:11:25,XRPUSD,1000.0,1.85189,Buy,N/A,N/A,N/A,N/A,N/A,N/A
411882107,2025-04-08 07:11:26,XRPUSD,2700.0,1.85182,Buy,N/A,N/A,N/A,N/A,N/A,N/A
411882113,2025-04-08 07:11:31,XRPUSD,490.0,1.85235,Buy,N/A,N/A,N/A,N/A,N/A,N/A
411882130,2025-04-08 07:11:42,XRPUSD,1000.0,1.854,Buy,N/A,N/A,N/A,N/A,N/A,N/A
411882132,2025-04-08 07:11:45,XRPUSD,9.109,1.85407,Buy,N/A,N/A,N/A,N/A,N/A,N/A
411882140,2025-04-08 07:11:49,XRPUSD,4221.0,1.85408,Buy,N/A,N/A,N/A,N/A,N/A,N/A
411882141,2025-04-08 07:11:51,XRPUSD,28.925,1.85516,Buy,N/A,N/A,N/A,N/A,N/A,N/A
411882152,2025-04-08 07:11:53,XRPUSD,27.46964826,1.85468,Buy,N/A,N/A,N/A,N/A,N/A,N/A
411882161,2025-04-08 07:11:58,XRPUSD,2482.7,1.85468,Buy,N/A,N/A,N/A,N/A,N/A,N/A
411882162,2025-04-08 07:11:58,XRPUSD,196.319,1.85469,Buy,N/A,N/A,N/A,N/A,N/A,N/A
2025-04-08 07:11_summary,2025-04-08 07:11:00,XRPUSD,13449.55064826,1.8532055288790956,Buy,1.85459,1.85468,N/A,N/A,N/A,N/A
411882197,2025-04-08 07:12:05,XRPUSD,0.533,1.85459,Buy,N/A,N/A,N/A,N/A,N/A,N/A
411882198,2025-04-08 07:12:05,XRPUSD,452.0,1.85459,Buy,N/A,N/A,N/A,N/A,N/A,N/A
411882201,2025-04-08 07:12:07,XRPUSD,200.0,1.85477,Buy,N/A,N/A,N/A,N/A,N/A,N/A
411882217,2025-04-08 07:12:18,XRPUSD,217.0,1.85634,Buy,N/A,N/A,N/A,N/A,N/A,N/A
411882230,2025-04-08 07:12:21,XRPUSD,1000.0,1.85689,Buy,N/A,N/A,N/A,N/A,N/A,N/A
411882234,2025-04-08 07:12:23,XRPUSD,1751.0,1.85675,Buy,N/A,N/A,N/A,N/A,N/A,N/A
411882303,2025-04-08 07:12:38,XRPUSD,409.0,1.85534,Buy,N/A,N/A,N/A,N/A,N/A,N/A
411882313,2025-04-08 07:12:42,XRPUSD,1000.0,1.85537,Buy,N/A,N/A,N/A,N/A,N/A,N/A
411882314,2025-04-08 07:12:43,XRPUSD,1000.0,1.85542,Buy,N/A,N/A,N/A,N/A,N/A,N/A
411882317,2025-04-08 07:12:44,XRPUSD,1000.0,1.8554,Buy,N/A,N/A,N/A,N/A,N/A,N/A
411882320,2025-04-08 07:12:45,XRPUSD,1000.0,1.85534,Buy,N/A,N/A,N/A,N/A,N/A,N/A
411882368,2025-04-08 07:12:51,XRPUSD,200.0,1.8535,Buy,N/A,N/A,N/A,N/A,N/A,N/A
411882369,2025-04-08 07:12:51,XRPUSD,800.0,1.8535,Buy,N/A,N/A,N/A,N/A,N/A,N/A
411882372,2025-04-08 07:12:53,XRPUSD,1000.0,1.8535,Buy,N/A,N/A,N/A,N/A,N/A,N/A
411882374,2025-04-08 07:12:54,XRPUSD,200.0,1.8533,Buy,N/A,N/A,N/A,N/A,N/A,N/A
411882375,2025-04-08 07:12:54,XRPUSD,800.0,1.85333,Buy,N/A,N/A,N/A,N/A,N/A,N/A
411882378,2025-04-08 07:12:55,XRPUSD,1000.0,1.85327,Buy,N/A,N/A,N/A,N/A,N/A,N/A
411882379,2025-04-08 07:12:56,XRPUSD,1000.0,1.8531,Buy,N/A,N/A,N/A,N/A,N/A,N/A
411882381,2025-04-08 07:12:57,XRPUSD,1000.0,1.85301,Buy,N/A,N/A,N/A,N/A,N/A,N/A
2025-04-08 07:12_summary,2025-04-08 07:12:00,XRPUSD,14029.533,1.8547424398566936,Buy,1.85203,1.85252,N/A,N/A,N/A,N/A
411882393,2025-04-08 07:13:02,XRPUSD,10.89878542,1.85216,Buy,N/A,N/A,N/A,N/A,N/A,N/A
411882395,2025-04-08 07:13:04,XRPUSD,37.2947,1.85266,Buy,N/A,N/A,N/A,N/A,N/A,N/A
411882397,2025-04-08 07:13:04,XRPUSD,451.7053,1.85266,Buy,N/A,N/A,N/A,N/A,N/A,N/A
411882588,2025-04-08 07:13:08,XRPUSD,12.5160413,1.85325,Buy,N/A,N/A,N/A,N/A,N/A,N/A
411882719,2025-04-08 07:13:17,XRPUSD,641.25,1.85546,Buy,N/A,N/A,N/A,N/A,N/A,N/A
411882720,2025-04-08 07:13:17,XRPUSD,358.75,1.85548,Buy,N/A,N/A,N/A,N/A,N/A,N/A
411882721,2025-04-08 07:13:17,XRPUSD,184.0,1.85505,Buy,N/A,N/A,N/A,N/A,N/A,N/A
411882828,2025-04-08 07:13:40,XRPUSD,707.0,1.85342,Buy,N/A,N/A,N/A,N/A,N/A,N/A
411882837,2025-04-08 07:13:42,XRPUSD,720.0,1.85387,Buy,N/A,N/A,N/A,N/A,N/A,N/A
411882865,2025-04-08 07:13:49,XRPUSD,3789.0,1.85448,Buy,N/A,N/A,N/A,N/A,N/A,N/A
2025-04-08 07:13_summary,2025-04-08 07:13:00,XRPUSD,6912.41482672,1.8543313942032238,Buy,1.85571,1.85593,N/A,N/A,N/A,N/A
411882905,2025-04-08 07:14:03,XRPUSD,201.0,1.85662,Buy,N/A,N/A,N/A,N/A,N/A,N/A
411882966,2025-04-08 07:14:21,XRPUSD,176.366976,1.8555,Buy,N/A,N/A,N/A,N/A,N/A,N/A
411882968,2025-04-08 07:14:23,XRPUSD,2482.7,1.85601,Buy,N/A,N/A,N/A,N/A,N/A,N/A
411882969,2025-04-08 07:14:23,XRPUSD,122.3,1.85602,Buy,N/A,N/A,N/A,N/A,N/A,N/A
411883014,2025-04-08 07:14:50,XRPUSD,200.0,1.85623,Buy,N/A,N/A,N/A,N/A,N/A,N/A
411883017,2025-04-08 07:14:51,XRPUSD,238.0,1.8565,Buy,N/A,N/A,N/A,N/A,N/A,N/A
411883018,2025-04-08 07:14:52,XRPUSD,73.591,1.85649,Buy,N/A,N/A,N/A,N/A,N/A,N/A
2025-04-08 07:14_summary,2025-04-08 07:14:00,XRPUSD,3493.957976,1.8560757791318092,Buy,1.85684,1.85695,N/A,N/A,N/A,N/A
411883043,2025-04-08 07:15:02,XRPUSD,200.0,1.85695,Buy,N/A,N/A,N/A,N/A,N/A,N/A
411883050,2025-04-08 07:15:07,XRPUSD,200.0,1.85739,Buy,N/A,N/A,N/A,N/A,N/A,N/A
411883051,2025-04-08 07:15:07,XRPUSD,102.86,1.85745,Buy,N/A,N/A,N/A,N/A,N/A,N/A
411883067,2025-04-08 07:15:12,XRPUSD,200.0,1.85786,Buy,N/A,N/A,N/A,N/A,N/A,N/A
411883068,2025-04-08 07:15:12,XRPUSD,800.0,1.85805,Buy,N/A,N/A,N/A,N/A,N/A,N/A
411883187,2025-04-08 07:15:16,XRPUSD,641.0,1.85684,Buy,N/A,N/A,N/A,N/A,N/A,N/A
411883188,2025-04-08 07:15:16,XRPUSD,200.0,1.85683,Buy,N/A,N/A,N/A,N/A,N/A,N/A
411883189,2025-04-08 07:15:16,XRPUSD,159.0,1.85684,Buy,N/A,N/A,N/A,N/A,N/A,N/A
411883191,2025-04-08 07:15:17,XRPUSD,1000.0,1.85682,Buy,N/A,N/A,N/A,N/A,N/A,N/A
411883192,2025-04-08 07:15:18,XRPUSD,200.0,1.85664,Buy,N/A,N/A,N/A,N/A,N/A,N/A
411883193,2025-04-08 07:15:18,XRPUSD,800.0,1.85681,Buy,N/A,N/A,N/A,N/A,N/A,N/A
411883196,2025-04-08 07:15:19,XRPUSD,1000.0,1.85706,Buy,N/A,N/A,N/A,N/A,N/A,N/A
411883197,2025-04-08 07:15:20,XRPUSD,1000.0,1.85704,Buy,N/A,N/A,N/A,N/A,N/A,N/A
411883204,2025-04-08 07:15:21,XRPUSD,298.0,1.85701,Buy,N/A,N/A,N/A,N/A,N/A,N/A
411883211,2025-04-08 07:15:22,XRPUSD,1000.0,1.85695,Buy,N/A,N/A,N/A,N/A,N/A,N/A
411883214,2025-04-08 07:15:23,XRPUSD,576.803649,1.85685,Buy,N/A,N/A,N/A,N/A,N/A,N/A
411883230,2025-04-08 07:15:24,XRPUSD,26.425,1.85632,Buy,N/A,N/A,N/A,N/A,N/A,N/A
411883232,2025-04-08 07:15:24,XRPUSD,173.575,1.85632,Buy,N/A,N/A,N/A,N/A,N/A,N/A
411883233,2025-04-08 07:15:24,XRPUSD,826.425,1.85632,Buy,N/A,N/A,N/A,N/A,N/A,N/A
411883237,2025-04-08 07:15:25,XRPUSD,1000.0,1.85655,Buy,N/A,N/A,N/A,N/A,N/A,N/A
411883238,2025-04-08 07:15:26,XRPUSD,200.0,1.85671,Buy,N/A,N/A,N/A,N/A,N/A,N/A
411883239,2025-04-08 07:15:26,XRPUSD,800.0,1.85689,Buy,N/A,N/A,N/A,N/A,N/A,N/A
411883242,2025-04-08 07:15:27,XRPUSD,1000.0,1.85692,Buy,N/A,N/A,N/A,N/A,N/A,N/A
411883243,2025-04-08 07:15:28,XRPUSD,1000.0,1.85679,Buy,N/A,N/A,N/A,N/A,N/A,N/A
411883244,2025-04-08 07:15:28,XRPUSD,6.382002,1.85678,Buy,N/A,N/A,N/A,N/A,N/A,N/A
411883245,2025-04-08 07:15:29,XRPUSD,200.0,1.85674,Buy,N/A,N/A,N/A,N/A,N/A,N/A
411883246,2025-04-08 07:15:29,XRPUSD,800.0,1.85675,Buy,N/A,N/A,N/A,N/A,N/A,N/A
411883248,2025-04-08 07:15:30,XRPUSD,1000.0,1.85675,Buy,N/A,N/A,N/A,N/A,N/A,N/A
411883255,2025-04-08 07:15:31,XRPUSD,200.0,1.85672,Buy,N/A,N/A,N/A,N/A,N/A,N/A
411883256,2025-04-08 07:15:31,XRPUSD,800.0,1.85675,Buy,N/A,N/A,N/A,N/A,N/A,N/A
411883258,2025-04-08 07:15:32,XRPUSD,1000.0,1.85675,Buy,N/A,N/A,N/A,N/A,N/A,N/A
411883259,2025-04-08 07:15:33,XRPUSD,641.25,1.85785,Buy,N/A,N/A,N/A,N/A,N/A,N/A
411883260,2025-04-08 07:15:33,XRPUSD,29.75,1.85794,Buy,N/A,N/A,N/A,N/A,N/A,N/A
411883263,2025-04-08 07:15:34,XRPUSD,1000.0,1.85778,Buy,N/A,N/A,N/A,N/A,N/A,N/A
411883266,2025-04-08 07:15:35,XRPUSD,200.0,1.85796,Buy,N/A,N/A,N/A,N/A,N/A,N/A
411883267,2025-04-08 07:15:35,XRPUSD,800.0,1.85796,Buy,N/A,N/A,N/A,N/A,N/A,N/A
411883268,2025-04-08 07:15:36,XRPUSD,1000.0,1.85796,Buy,N/A,N/A,N/A,N/A,N/A,N/A
411883270,2025-04-08 07:15:37,XRPUSD,200.0,1.85832,Buy,N/A,N/A,N/A,N/A,N/A,N/A
411883271,2025-04-08 07:15:37,XRPUSD,800.0,1.8584,Buy,N/A,N/A,N/A,N/A,N/A,N/A
411883276,2025-04-08 07:15:38,XRPUSD,1000.0,1.85834,Buy,N/A,N/A,N/A,N/A,N/A,N/A
411883278,2025-04-08 07:15:39,XRPUSD,1000.0,1.85829,Buy,N/A,N/A,N/A,N/A,N/A,N/A
411883279,2025-04-08 07:15:40,XRPUSD,1000.0,1.85887,Buy,N/A,N/A,N/A,N/A,N/A,N/A
411883286,2025-04-08 07:15:41,XRPUSD,385.424349,1.8588,Buy,N/A,N/A,N/A,N/A,N/A,N/A
411883291,2025-04-08 07:15:42,XRPUSD,1000.0,1.85919,Buy,N/A,N/A,N/A,N/A,N/A,N/A
411883296,2025-04-08 07:15:43,XRPUSD,961.760443,1.85939,Buy,N/A,N/A,N/A,N/A,N/A,N/A
411883300,2025-04-08 07:15:44,XRPUSD,200.0,1.85936,Buy,N/A,N/A,N/A,N/A,N/A,N/A
411883302,2025-04-08 07:15:44,XRPUSD,800.0,1.85936,Buy,N/A,N/A,N/A,N/A,N/A,N/A
411883309,2025-04-08 07:15:47,XRPUSD,6.71625467,1.85933,Buy,N/A,N/A,N/A,N/A,N/A,N/A
411883320,2025-04-08 07:15:50,XRPUSD,671.488,1.85924,Buy,N/A,N/A,N/A,N/A,N/A,N/A
411883322,2025-04-08 07:15:51,XRPUSD,1309.0,1.85922,Buy,N/A,N/A,N/A,N/A,N/A,N/A
411883337,2025-04-08 07:15:57,XRPUSD,151.0,1.85919,Buy,N/A,N/A,N/A,N/A,N/A,N/A
2025-04-08 07:15_summary,2025-04-08 07:15:00,XRPUSD,30566.85969767,1.8576343217584126,Buy,1.859,1.8591,N/A,N/A,N/A,N/A
411883500,2025-04-08 07:16:17,XRPUSD,14.37,1.85765,Buy,N/A,N/A,N/A,N/A,N/A,N/A
411883977,2025-04-08 07:16:52,XRPUSD,12.26505041,1.85865,Buy,N/A,N/A,N/A,N/A,N/A,N/A
411884015,2025-04-08 07:16:55,XRPUSD,159.0,1.85855,Buy,N/A,N/A,N/A,N/A,N/A,N/A
411884063,2025-04-08 07:16:59,XRPUSD,740.0,1.85844,Buy,N/A,N/A,N/A,N/A,N/A,N/A
2025-04-08 07:16_summary,2025-04-08 07:16:00,XRPUSD,925.63505041,1.8584494133866067,Buy,1.85799,1.85803,N/A,N/A,N/A,N/A
411884185,2025-04-08 07:17:06,XRPUSD,12.25239665,1.85759,Buy,N/A,N/A,N/A,N/A,N/A,N/A
411884216,2025-04-08 07:17:09,XRPUSD,15.79959,1.8576,Buy,N/A,N/A,N/A,N/A,N/A,N/A
411884447,2025-04-08 07:17:22,XRPUSD,36.358729,1.85625,Buy,N/A,N/A,N/A,N/A,N/A,N/A
411884572,2025-04-08 07:17:31,XRPUSD,12.24780136,1.85634,Buy,N/A,N/A,N/A,N/A,N/A,N/A
411884704,2025-04-08 07:17:41,XRPUSD,99.796,1.85547,Buy,N/A,N/A,N/A,N/A,N/A,N/A
411884732,2025-04-08 07:17:44,XRPUSD,148.0,1.8559,Buy,N/A,N/A,N/A,N/A,N/A,N/A
2025-04-08 07:17_summary,2025-04-08 07:17:00,XRPUSD,324.45451701,1.8559701736603849,Buy,1.85522,1.85547,N/A,N/A,N/A,N/A
411885052,2025-04-08 07:18:08,XRPUSD,16.0,1.85389,Buy,N/A,N/A,N/A,N/A,N/A,N/A
411885228,2025-04-08 07:18:22,XRPUSD,228.0,1.85362,Buy,N/A,N/A,N/A,N/A,N/A,N/A
411885465,2025-04-08 07:18:40,XRPUSD,10.78822514,1.85489,Buy,N/A,N/A,N/A,N/A,N/A,N/A
411885481,2025-04-08 07:18:41,XRPUSD,159.0,1.85479,Buy,N/A,N/A,N/A,N/A,N/A,N/A
411885517,2025-04-08 07:18:44,XRPUSD,139.0,1.85507,Buy,N/A,N/A,N/A,N/A,N/A,N/A
411885609,2025-04-08 07:18:51,XRPUSD,356.0,1.85528,Buy,N/A,N/A,N/A,N/A,N/A,N/A
2025-04-08 07:18_summary,2025-04-08 07:18:00,XRPUSD,908.78822514,1.8547165822601568,Buy,1.85413,1.8544,N/A,N/A,N/A,N/A
411885791,2025-04-08 07:19:02,XRPUSD,16.04719282,1.85393,Buy,N/A,N/A,N/A,N/A,N/A,N/A
411885838,2025-04-08 07:19:05,XRPUSD,2750.35698218,1.85374,Buy,N/A,N/A,N/A,N/A,N/A,N/A
411885912,2025-04-08 07:19:10,XRPUSD,363.0,1.85314,Buy,N/A,N/A,N/A,N/A,N/A,N/A
411885926,2025-04-08 07:19:11,XRPUSD,13.08655938,1.85297,Buy,N/A,N/A,N/A,N/A,N/A,N/A
411886004,2025-04-08 07:19:13,XRPUSD,139.0,1.85321,Buy,N/A,N/A,N/A,N/A,N/A,N/A
411886018,2025-04-08 07:19:14,XRPUSD,33.73610961,1.85299,Buy,N/A,N/A,N/A,N/A,N/A,N/A
411886098,2025-04-08 07:19:19,XRPUSD,67.549392,1.85445,Buy,N/A,N/A,N/A,N/A,N/A,N/A
411886137,2025-04-08 07:19:22,XRPUSD,192.0,1.85535,Buy,N/A,N/A,N/A,N/A,N/A,N/A
411886141,2025-04-08 07:19:22,XRPUSD,27.86003932,1.85522,Buy,N/A,N/A,N/A,N/A,N/A,N/A
411886192,2025-04-08 07:19:26,XRPUSD,45.129714,1.85533,Buy,N/A,N/A,N/A,N/A,N/A,N/A
411886421,2025-04-08 07:19:43,XRPUSD,2.836,1.85569,Buy,N/A,N/A,N/A,N/A,N/A,N/A
411886630,2025-04-08 07:19:56,XRPUSD,6.434,1.8531,Buy,N/A,N/A,N/A,N/A,N/A,N/A
411886633,2025-04-08 07:19:56,XRPUSD,2476.266,1.8531,Buy,N/A,N/A,N/A,N/A,N/A,N/A
411886634,2025-04-08 07:19:56,XRPUSD,196.734,1.85311,Buy,N/A,N/A,N/A,N/A,N/A,N/A
2025-04-08 07:19_summary,2025-04-08 07:19:00,XRPUSD,6330.03598931,1.8534933867394818,Buy,1.85034,1.85062,N/A,N/A,N/A,N/A
411886801,2025-04-08 07:20:06,XRPUSD,1020.0,1.85176,Buy,N/A,N/A,N/A,N/A,N/A,N/A
411886803,2025-04-08 07:20:06,XRPUSD,0.513,1.85173,Buy,N/A,N/A,N/A,N/A,N/A,N/A
411886857,2025-04-08 07:20:09,XRPUSD,2699.68502731,1.85207,Buy,N/A,N/A,N/A,N/A,N/A,N/A
411886876,2025-04-08 07:20:10,XRPUSD,641.25,1.85248,Buy,N/A,N/A,N/A,N/A,N/A,N/A
411886903,2025-04-08 07:20:12,XRPUSD,2065.15,1.85248,Buy,N/A,N/A,N/A,N/A,N/A,N/A
411886912,2025-04-08 07:20:13,XRPUSD,1000.0,1.85315,Buy,N/A,N/A,N/A,N/A,N/A,N/A
411886933,2025-04-08 07:20:15,XRPUSD,308.0,1.85368,Buy,N/A,N/A,N/A,N/A,N/A,N/A
411887089,2025-04-08 07:20:27,XRPUSD,220.0,1.85413,Buy,N/A,N/A,N/A,N/A,N/A,N/A
411887156,2025-04-08 07:20:31,XRPUSD,688.0,1.85372,Buy,N/A,N/A,N/A,N/A,N/A,N/A
411887270,2025-04-08 07:20:40,XRPUSD,291.0,1.8541,Buy,N/A,N/A,N/A,N/A,N/A,N/A
411887376,2025-04-08 07:20:48,XRPUSD,905.0,1.85415,Buy,N/A,N/A,N/A,N/A,N/A,N/A
411887462,2025-04-08 07:20:55,XRPUSD,226.0,1.8544,Buy,N/A,N/A,N/A,N/A,N/A,N/A
411887517,2025-04-08 07:20:58,XRPUSD,200.0,1.85592,Buy,N/A,N/A,N/A,N/A,N/A,N/A
411887520,2025-04-08 07:20:59,XRPUSD,2628.5,1.85592,Buy,N/A,N/A,N/A,N/A,N/A,N/A
411887521,2025-04-08 07:20:59,XRPUSD,647.33120918,1.85645,Buy,N/A,N/A,N/A,N/A,N/A,N/A
411887522,2025-04-08 07:20:59,XRPUSD,1370.16879082,1.85648,Buy,N/A,N/A,N/A,N/A,N/A,N/A
411887532,2025-04-08 07:20:59,XRPUSD,1000.0,1.85647,Buy,N/A,N/A,N/A,N/A,N/A,N/A
2025-04-08 07:20_summary,2025-04-08 07:20:00,XRPUSD,15910.59802731,1.8540262256296278,Buy,1.85731,1.85802,N/A,N/A,N/A,N/A
411887741,2025-04-08 07:21:15,XRPUSD,329.0,1.85649,Buy,N/A,N/A,N/A,N/A,N/A,N/A
411887774,2025-04-08 07:21:17,XRPUSD,641.25,1.85717,Buy,N/A,N/A,N/A,N/A,N/A,N/A
411887775,2025-04-08 07:21:17,XRPUSD,103.75,1.85726,Buy,N/A,N/A,N/A,N/A,N/A,N/A
411887902,2025-04-08 07:21:27,XRPUSD,968.0,1.85841,Buy,N/A,N/A,N/A,N/A,N/A,N/A
411887965,2025-04-08 07:21:31,XRPUSD,24.49448318,1.85872,Buy,N/A,N/A,N/A,N/A,N/A,N/A
411887972,2025-04-08 07:21:32,XRPUSD,161.0,1.85839,Buy,N/A,N/A,N/A,N/A,N/A,N/A
411888185,2025-04-08 07:21:48,XRPUSD,13.43941511,1.8606,Buy,N/A,N/A,N/A,N/A,N/A,N/A
411888319,2025-04-08 07:21:58,XRPUSD,141.0,1.86249,Buy,N/A,N/A,N/A,N/A,N/A,N/A
411888359,2025-04-08 07:22:01,XRPUSD,200.0,1.86377,Buy,N/A,N/A,N/A,N/A,N/A,N/A
411888361,2025-04-08 07:22:01,XRPUSD,2682.72528938,1.86378,Buy,N/A,N/A,N/A,N/A,N/A,N/A
411888362,2025-04-08 07:22:01,XRPUSD,2374.27471062,1.86399,Buy,N/A,N/A,N/A,N/A,N/A,N/A
411888363,2025-04-08 07:22:01,XRPUSD,200.0,1.86428,Buy,N/A,N/A,N/A,N/A,N/A,N/A
2025-04-08 07:21_summary,2025-04-08 07:21:00,XRPUSD,2381.93389829,1.858016598280584,Buy,1.86325,1.86399,N/A,N/A,N/A,N/A
411888475,2025-04-08 07:22:09,XRPUSD,2681.69848054,1.86449,Buy,N/A,N/A,N/A,N/A,N/A,N/A
411888653,2025-04-08 07:22:20,XRPUSD,641.25,1.86461,Buy,N/A,N/A,N/A,N/A,N/A,N/A
411888654,2025-04-08 07:22:20,XRPUSD,641.25,1.86462,Buy,N/A,N/A,N/A,N/A,N/A,N/A
411888663,2025-04-08 07:22:21,XRPUSD,24.37,1.86438,Buy,N/A,N/A,N/A,N/A,N/A,N/A
411888814,2025-04-08 07:22:32,XRPUSD,77.367806,1.86492,Buy,N/A,N/A,N/A,N/A,N/A,N/A
411888826,2025-04-08 07:22:33,XRPUSD,910.0,1.86492,Buy,N/A,N/A,N/A,N/A,N/A,N/A
411888833,2025-04-08 07:22:33,XRPUSD,12.1877966,1.86491,Buy,N/A,N/A,N/A,N/A,N/A,N/A
411888862,2025-04-08 07:22:36,XRPUSD,10.72443562,1.86483,Buy,N/A,N/A,N/A,N/A,N/A,N/A
411888945,2025-04-08 07:22:40,XRPUSD,156.0,1.86288,Buy,N/A,N/A,N/A,N/A,N/A,N/A
411889055,2025-04-08 07:22:48,XRPUSD,166.0,1.86183,Buy,N/A,N/A,N/A,N/A,N/A,N/A
411889165,2025-04-08 07:22:56,XRPUSD,10.73998496,1.86212,Buy,N/A,N/A,N/A,N/A,N/A,N/A
411889198,2025-04-08 07:22:58,XRPUSD,138.0,1.86273,Buy,N/A,N/A,N/A,N/A,N/A,N/A
2025-04-08 07:22_summary,2025-04-08 07:22:00,XRPUSD,10926.588503720002,1.8641561390758312,Buy,1.8621,1.86235,N/A,N/A,N/A,N/A
411889343,2025-04-08 07:23:08,XRPUSD,250.0,1.86258,Buy,N/A,N/A,N/A,N/A,N/A,N/A
411889356,2025-04-08 07:23:09,XRPUSD,29.0,1.86258,Buy,N/A,N/A,N/A,N/A,N/A,N/A
411889454,2025-04-08 07:23:15,XRPUSD,2685.36983185,1.86195,Buy,N/A,N/A,N/A,N/A,N/A,N/A
411889456,2025-04-08 07:23:15,XRPUSD,2663.81764171,1.86204,Buy,N/A,N/A,N/A,N/A,N/A,N/A
411889492,2025-04-08 07:23:17,XRPUSD,151.0,1.862,Buy,N/A,N/A,N/A,N/A,N/A,N/A
411889521,2025-04-08 07:23:19,XRPUSD,149.29948,1.86186,Buy,N/A,N/A,N/A,N/A,N/A,N/A
411889582,2025-04-08 07:23:23,XRPUSD,16.013,1.8617,Buy,N/A,N/A,N/A,N/A,N/A,N/A
411889656,2025-04-08 07:23:30,XRPUSD,136.0,1.86186,Buy,N/A,N/A,N/A,N/A,N/A,N/A
411889752,2025-04-08 07:23:37,XRPUSD,186.0,1.86148,Buy,N/A,N/A,N/A,N/A,N/A,N/A
411889855,2025-04-08 07:23:44,XRPUSD,170.821,1.86111,Buy,N/A,N/A,N/A,N/A,N/A,N/A
411889975,2025-04-08 07:23:53,XRPUSD,157.0,1.86139,Buy,N/A,N/A,N/A,N/A,N/A,N/A
411890035,2025-04-08 07:23:57,XRPUSD,12.847891,1.86146,Buy,N/A,N/A,N/A,N/A,N/A,N/A
411890058,2025-04-08 07:24:00,XRPUSD,143.0,1.86159,Buy,N/A,N/A,N/A,N/A,N/A,N/A
2025-04-08 07:23_summary,2025-04-08 07:23:00,XRPUSD,6607.168844559999,1.8619603309419772,Buy,1.8617,1.86171,N/A,N/A,N/A,N/A
411890111,2025-04-08 07:24:03,XRPUSD,341.0,1.86174,Buy,N/A,N/A,N/A,N/A,N/A,N/A
411890149,2025-04-08 07:24:05,XRPUSD,23.49349532,1.86131,Buy,N/A,N/A,N/A,N/A,N/A,N/A
411890319,2025-04-08 07:24:17,XRPUSD,32.61235896,1.86068,Buy,N/A,N/A,N/A,N/A,N/A,N/A
411890333,2025-04-08 07:24:18,XRPUSD,520.08043903,1.86035,Buy,N/A,N/A,N/A,N/A,N/A,N/A
411890359,2025-04-08 07:24:20,XRPUSD,1476.0,1.86044,Buy,N/A,N/A,N/A,N/A,N/A,N/A
411890367,2025-04-08 07:24:21,XRPUSD,13.140766,1.86044,Buy,N/A,N/A,N/A,N/A,N/A,N/A
411890477,2025-04-08 07:24:28,XRPUSD,127.169,1.86044,Buy,N/A,N/A,N/A,N/A,N/A,N/A
411890567,2025-04-08 07:24:35,XRPUSD,139.0,1.86065,Buy,N/A,N/A,N/A,N/A,N/A,N/A
411890660,2025-04-08 07:24:42,XRPUSD,20.996416,1.86055,Buy,N/A,N/A,N/A,N/A,N/A,N/A
411890763,2025-04-08 07:24:51,XRPUSD,342.83,1.86089,Buy,N/A,N/A,N/A,N/A,N/A,N/A
411890823,2025-04-08 07:24:55,XRPUSD,475.0,1.86048,Buy,N/A,N/A,N/A,N/A,N/A,N/A
2025-04-08 07:24_summary,2025-04-08 07:24:00,XRPUSD,3654.32247531,1.8606572720603318,Buy,1.86017,1.86037,N/A,N/A,N/A,N/A
411890935,2025-04-08 07:25:03,XRPUSD,105.480484,1.86084,Buy,N/A,N/A,N/A,N/A,N/A,N/A
411890936,2025-04-08 07:25:03,XRPUSD,80.0,1.86084,Buy,N/A,N/A,N/A,N/A,N/A,N/A
411890937,2025-04-08 07:25:03,XRPUSD,147.274604,1.86084,Buy,N/A,N/A,N/A,N/A,N/A,N/A
411890938,2025-04-08 07:25:03,XRPUSD,42.745175,1.86084,Buy,N/A,N/A,N/A,N/A,N/A,N/A
411890998,2025-04-08 07:25:07,XRPUSD,666.0,1.86196,Buy,N/A,N/A,N/A,N/A,N/A,N/A
411891201,2025-04-08 07:25:21,XRPUSD,127.755229,1.86113,Buy,N/A,N/A,N/A,N/A,N/A,N/A
411891209,2025-04-08 07:25:22,XRPUSD,60.0,1.86113,Buy,N/A,N/A,N/A,N/A,N/A,N/A
411891324,2025-04-08 07:25:29,XRPUSD,11.607949,1.86165,Buy,N/A,N/A,N/A,N/A,N/A,N/A
411891325,2025-04-08 07:25:29,XRPUSD,5.37146356,1.86169,Buy,N/A,N/A,N/A,N/A,N/A,N/A
411891640,2025-04-08 07:25:52,XRPUSD,178.0,1.86261,Buy,N/A,N/A,N/A,N/A,N/A,N/A
411891725,2025-04-08 07:25:58,XRPUSD,212.0,1.86262,Buy,N/A,N/A,N/A,N/A,N/A,N/A
2025-04-08 07:25_summary,2025-04-08 07:25:00,XRPUSD,1636.23490456,1.8617608685103386,Buy,1.86259,1.86312,N/A,N/A,N/A,N/A
411891868,2025-04-08 07:26:09,XRPUSD,17.3686255,1.86314,Buy,N/A,N/A,N/A,N/A,N/A,N/A
411891925,2025-04-08 07:26:14,XRPUSD,200.0,1.86339,Buy,N/A,N/A,N/A,N/A,N/A,N/A
411892006,2025-04-08 07:26:20,XRPUSD,46.76753044,1.86372,Buy,N/A,N/A,N/A,N/A,N/A,N/A
411892213,2025-04-08 07:26:34,XRPUSD,524.0,1.86279,Buy,N/A,N/A,N/A,N/A,N/A,N/A
411892438,2025-04-08 07:26:53,XRPUSD,53.55724863,1.86368,Buy,N/A,N/A,N/A,N/A,N/A,N/A
2025-04-08 07:26_summary,2025-04-08 07:26:00,XRPUSD,841.69340457,1.8630480972742989,Buy,1.86329,1.86359,N/A,N/A,N/A,N/A
411892626,2025-04-08 07:27:08,XRPUSD,2682.30270322,1.86407,Buy,N/A,N/A,N/A,N/A,N/A,N/A
411892628,2025-04-08 07:27:08,XRPUSD,5364.12989686,1.86424,Buy,N/A,N/A,N/A,N/A,N/A,N/A
411892629,2025-04-08 07:27:08,XRPUSD,2689.4,1.86424,Buy,N/A,N/A,N/A,N/A,N/A,N/A
411892630,2025-04-08 07:27:08,XRPUSD,4024.48626594,1.86434,Buy,N/A,N/A,N/A,N/A,N/A,N/A
411892631,2025-04-08 07:27:08,XRPUSD,10988.80881377,1.86445,Buy,N/A,N/A,N/A,N/A,N/A,N/A
411892632,2025-04-08 07:27:08,XRPUSD,5363.35347045,1.86451,Buy,N/A,N/A,N/A,N/A,N/A,N/A
411892633,2025-04-08 07:27:08,XRPUSD,8044.31926473,1.86467,Buy,N/A,N/A,N/A,N/A,N/A,N/A
411892634,2025-04-08 07:27:08,XRPUSD,5362.81442354,1.8647,Buy,N/A,N/A,N/A,N/A,N/A,N/A
411892635,2025-04-08 07:27:08,XRPUSD,643.91849437,1.86472,Buy,N/A,N/A,N/A,N/A,N/A,N/A
411892636,2025-04-08 07:27:08,XRPUSD,2482.7,1.86479,Buy,N/A,N/A,N/A,N/A,N/A,N/A
411892637,2025-04-08 07:27:08,XRPUSD,2039.07523215,1.8648,Buy,N/A,N/A,N/A,N/A,N/A,N/A
411892638,2025-04-08 07:27:08,XRPUSD,13406.18495373,1.86482,Buy,N/A,N/A,N/A,N/A,N/A,N/A
411892639,2025-04-08 07:27:08,XRPUSD,13045.4,1.86493,Buy,N/A,N/A,N/A,N/A,N/A,N/A
411892640,2025-04-08 07:27:08,XRPUSD,641.25,1.86495,Buy,N/A,N/A,N/A,N/A,N/A,N/A
411892641,2025-04-08 07:27:08,XRPUSD,5372.8,1.86516,Buy,N/A,N/A,N/A,N/A,N/A,N/A
411892642,2025-04-08 07:27:08,XRPUSD,3783.1,1.86516,Buy,N/A,N/A,N/A,N/A,N/A,N/A
411892643,2025-04-08 07:27:08,XRPUSD,641.25,1.86517,Buy,N/A,N/A,N/A,N/A,N/A,N/A
411892644,2025-04-08 07:27:08,XRPUSD,2682.187697,1.86415,Buy,N/A,N/A,N/A,N/A,N/A,N/A
411892648,2025-04-08 07:27:08,XRPUSD,643.91849437,1.86502,Buy,N/A,N/A,N/A,N/A,N/A,N/A
411892649,2025-04-08 07:27:08,XRPUSD,2039.07523215,1.86521,Buy,N/A,N/A,N/A,N/A,N/A,N/A
411892650,2025-04-08 07:27:08,XRPUSD,10858.86625784,1.86533,Buy,N/A,N/A,N/A,N/A,N/A,N/A
411892670,2025-04-08 07:27:08,XRPUSD,641.25,1.86645,Buy,N/A,N/A,N/A,N/A,N/A,N/A
411892671,2025-04-08 07:27:08,XRPUSD,1000.0,1.86645,Buy,N/A,N/A,N/A,N/A,N/A,N/A
411892672,2025-04-08 07:27:08,XRPUSD,1238.07163499,1.86645,Buy,N/A,N/A,N/A,N/A,N/A,N/A
411892673,2025-04-08 07:27:08,XRPUSD,1238.07163499,1.86645,Buy,N/A,N/A,N/A,N/A,N/A,N/A
411892674,2025-04-08 07:27:08,XRPUSD,641.25,1.86801,Buy,N/A,N/A,N/A,N/A,N/A,N/A
411892675,2025-04-08 07:27:08,XRPUSD,596.82163499,1.86801,Buy,N/A,N/A,N/A,N/A,N/A,N/A
411892699,2025-04-08 07:27:10,XRPUSD,852.252351,1.86929,Buy,N/A,N/A,N/A,N/A,N/A,N/A
411892711,2025-04-08 07:27:11,XRPUSD,107.0,1.86921,Buy,N/A,N/A,N/A,N/A,N/A,N/A
411892717,2025-04-08 07:27:11,XRPUSD,180.0,1.8692,Buy,N/A,N/A,N/A,N/A,N/A,N/A
411892731,2025-04-08 07:27:11,XRPUSD,200.0,1.86917,Buy,N/A,N/A,N/A,N/A,N/A,N/A
411892732,2025-04-08 07:27:11,XRPUSD,800.0,1.86929,Buy,N/A,N/A,N/A,N/A,N/A,N/A
411892812,2025-04-08 07:27:15,XRPUSD,57.44020546,1.8683,Buy,N/A,N/A,N/A,N/A,N/A,N/A
411893208,2025-04-08 07:27:44,XRPUSD,200.0,1.86752,Buy,N/A,N/A,N/A,N/A,N/A,N/A
411893399,2025-04-08 07:27:57,XRPUSD,60.056838,1.86501,Buy,N/A,N/A,N/A,N/A,N/A,N/A
2025-04-08 07:27_summary,2025-04-08 07:27:00,XRPUSD,110611.55549955001,1.8649472354655208,Buy,1.86478,1.86481,N/A,N/A,N/A,N/A
411893561,2025-04-08 07:28:08,XRPUSD,5361.97094998,1.86499,Buy,N/A,N/A,N/A,N/A,N/A,N/A
411893562,2025-04-08 07:28:08,XRPUSD,8042.02940571,1.86521,Buy,N/A,N/A,N/A,N/A,N/A,N/A
411893575,2025-04-08 07:28:09,XRPUSD,2033.0,1.86579,Buy,N/A,N/A,N/A,N/A,N/A,N/A
411893675,2025-04-08 07:28:16,XRPUSD,14.66661,1.86566,Buy,N/A,N/A,N/A,N/A,N/A,N/A
411894134,2025-04-08 07:28:50,XRPUSD,11.0,1.86441,Buy,N/A,N/A,N/A,N/A,N/A,N/A
411894153,2025-04-08 07:28:51,XRPUSD,26.499435,1.86418,Buy,N/A,N/A,N/A,N/A,N/A,N/A
2025-04-08 07:28_summary,2025-04-08 07:28:00,XRPUSD,15489.166400690001,1.8652080639337347,Buy,1.86453,1.86473,N/A,N/A,N/A,N/A
411894469,2025-04-08 07:29:13,XRPUSD,59.0,1.86463,Buy,N/A,N/A,N/A,N/A,N/A,N/A
411894498,2025-04-08 07:29:15,XRPUSD,21.473295,1.86468,Buy,N/A,N/A,N/A,N/A,N/A,N/A
411894516,2025-04-08 07:29:16,XRPUSD,1000.0,1.86578,Buy,N/A,N/A,N/A,N/A,N/A,N/A
411894855,2025-04-08 07:29:40,XRPUSD,219.0,1.86621,Buy,N/A,N/A,N/A,N/A,N/A,N/A
411894862,2025-04-08 07:29:41,XRPUSD,53.58482477,1.86621,Buy,N/A,N/A,N/A,N/A,N/A,N/A
411895005,2025-04-08 07:29:53,XRPUSD,144.0,1.86628,Buy,N/A,N/A,N/A,N/A,N/A,N/A
411895038,2025-04-08 07:29:56,XRPUSD,307.0,1.86663,Buy,N/A,N/A,N/A,N/A,N/A,N/A
2025-04-08 07:29_summary,2025-04-08 07:29:00,XRPUSD,1804.05811977,1.8659788244426383,Buy,1.86457,1.8651,N/A,N/A,N/A,N/A
411895136,2025-04-08 07:30:02,XRPUSD,5.46061832,1.86491,Buy,N/A,N/A,N/A,N/A,N/A,N/A
411895233,2025-04-08 07:30:05,XRPUSD,11.0,1.86372,Buy,N/A,N/A,N/A,N/A,N/A,N/A
411895556,2025-04-08 07:30:28,XRPUSD,48.0,1.8637,Buy,N/A,N/A,N/A,N/A,N/A,N/A
411895572,2025-04-08 07:30:29,XRPUSD,535.0,1.8637,Buy,N/A,N/A,N/A,N/A,N/A,N/A
411895608,2025-04-08 07:30:32,XRPUSD,50.269086,1.86469,Buy,N/A,N/A,N/A,N/A,N/A,N/A
411895609,2025-04-08 07:30:32,XRPUSD,10.72558588,1.865,Buy,N/A,N/A,N/A,N/A,N/A,N/A
411895631,2025-04-08 07:30:33,XRPUSD,167.0,1.86486,Buy,N/A,N/A,N/A,N/A,N/A,N/A
411895760,2025-04-08 07:30:42,XRPUSD,922.0,1.86551,Buy,N/A,N/A,N/A,N/A,N/A,N/A
2025-04-08 07:30_summary,2025-04-08 07:30:00,XRPUSD,1749.4552902,1.8648049593640832,Buy,1.8643,1.86484,N/A,N/A,N/A,N/A
411896072,2025-04-08 07:31:03,XRPUSD,463.0,1.864,Buy,N/A,N/A,N/A,N/A,N/A,N/A
411896082,2025-04-08 07:31:03,XRPUSD,1000.0,1.86373,Buy,N/A,N/A,N/A,N/A,N/A,N/A
411896094,2025-04-08 07:31:04,XRPUSD,1000.0,1.86437,Buy,N/A,N/A,N/A,N/A,N/A,N/A
411896109,2025-04-08 07:31:05,XRPUSD,200.0,1.86467,Buy,N/A,N/A,N/A,N/A,N/A,N/A
411896110,2025-04-08 07:31:05,XRPUSD,75.0,1.86467,Buy,N/A,N/A,N/A,N/A,N/A,N/A
411896114,2025-04-08 07:31:05,XRPUSD,1000.0,1.8646,Buy,N/A,N/A,N/A,N/A,N/A,N/A
411896448,2025-04-08 07:31:27,XRPUSD,184.0,1.86403,Buy,N/A,N/A,N/A,N/A,N/A,N/A
411896588,2025-04-08 07:31:38,XRPUSD,38.27052673,1.8638,Buy,N/A,N/A,N/A,N/A,N/A,N/A
411896780,2025-04-08 07:31:52,XRPUSD,304.0,1.8626,Buy,N/A,N/A,N/A,N/A,N/A,N/A
411896906,2025-04-08 07:32:01,XRPUSD,13.582271,1.86258,Buy,N/A,N/A,N/A,N/A,N/A,N/A
2025-04-08 07:31_summary,2025-04-08 07:31:00,XRPUSD,4264.27052673,1.864107056034976,Buy,1.86244,1.86252,N/A,N/A,N/A,N/A
411896989,2025-04-08 07:32:06,XRPUSD,12.02,1.86226,Buy,N/A,N/A,N/A,N/A,N/A,N/A
411897327,2025-04-08 07:32:27,XRPUSD,2684.71566201,1.8624,Buy,N/A,N/A,N/A,N/A,N/A,N/A
411897379,2025-04-08 07:32:30,XRPUSD,6684.0,1.864,Buy,N/A,N/A,N/A,N/A,N/A,N/A
411897520,2025-04-08 07:32:39,XRPUSD,1399.0,1.86526,Buy,N/A,N/A,N/A,N/A,N/A,N/A
411897525,2025-04-08 07:32:39,XRPUSD,500.0,1.86525,Buy,N/A,N/A,N/A,N/A,N/A,N/A
411897606,2025-04-08 07:32:45,XRPUSD,1347.0,1.86482,Buy,N/A,N/A,N/A,N/A,N/A,N/A
411897687,2025-04-08 07:32:51,XRPUSD,367.0,1.86507,Buy,N/A,N/A,N/A,N/A,N/A,N/A
2025-04-08 07:32_summary,2025-04-08 07:32:00,XRPUSD,13007.31793301,1.8639653443787292,Buy,1.86447,1.86459,N/A,N/A,N/A,N/A
411898325,2025-04-08 07:33:34,XRPUSD,138.0,1.86735,Buy,N/A,N/A,N/A,N/A,N/A,N/A
411898604,2025-04-08 07:33:54,XRPUSD,340.0,1.86704,Buy,N/A,N/A,N/A,N/A,N/A,N/A
2025-04-08 07:33_summary,2025-04-08 07:33:00,XRPUSD,478.0,1.8671294979079498,Buy,1.86685,1.8671,N/A,N/A,N/A,N/A
411898993,2025-04-08 07:34:23,XRPUSD,561.0,1.86941,Buy,N/A,N/A,N/A,N/A,N/A,N/A
411899282,2025-04-08 07:34:41,XRPUSD,10.65139558,1.86707,Buy,N/A,N/A,N/A,N/A,N/A,N/A
411899363,2025-04-08 07:34:45,XRPUSD,233.0,1.86531,Buy,N/A,N/A,N/A,N/A,N/A,N/A
411899493,2025-04-08 07:34:56,XRPUSD,19.0,1.86516,Buy,N/A,N/A,N/A,N/A,N/A,N/A
411899518,2025-04-08 07:34:57,XRPUSD,2681.13766033,1.86488,Buy,N/A,N/A,N/A,N/A,N/A,N/A
411899519,2025-04-08 07:34:57,XRPUSD,265.86233967,1.86489,Buy,N/A,N/A,N/A,N/A,N/A,N/A
411899574,2025-04-08 07:35:01,XRPUSD,10.0,1.86514,Buy,N/A,N/A,N/A,N/A,N/A,N/A
2025-04-08 07:34_summary,2025-04-08 07:34:00,XRPUSD,3770.65139558,1.8655888497183406,Buy,1.86507,1.8651,N/A,N/A,N/A,N/A
411899650,2025-04-08 07:35:06,XRPUSD,19.50962088,1.86423,Buy,N/A,N/A,N/A,N/A,N/A,N/A
411899660,2025-04-08 07:35:07,XRPUSD,123.0,1.8645,Buy,N/A,N/A,N/A,N/A,N/A,N/A
411900056,2025-04-08 07:35:28,XRPUSD,1313.0,1.86337,Buy,N/A,N/A,N/A,N/A,N/A,N/A
411900326,2025-04-08 07:35:48,XRPUSD,44.081,1.86231,Buy,N/A,N/A,N/A,N/A,N/A,N/A
2025-04-08 07:35_summary,2025-04-08 07:35:00,XRPUSD,1509.59062088,1.8634539581355392,Buy,1.86182,1.8624,N/A,N/A,N/A,N/A
411900913,2025-04-08 07:36:24,XRPUSD,580.0,1.86315,Buy,N/A,N/A,N/A,N/A,N/A,N/A
411901126,2025-04-08 07:36:39,XRPUSD,337.0,1.86335,Buy,N/A,N/A,N/A,N/A,N/A,N/A
411901153,2025-04-08 07:36:41,XRPUSD,7.91184847,1.86314,Buy,N/A,N/A,N/A,N/A,N/A,N/A
411901195,2025-04-08 07:36:44,XRPUSD,158.0,1.86294,Buy,N/A,N/A,N/A,N/A,N/A,N/A
2025-04-08 07:36_summary,2025-04-08 07:36:00,XRPUSD,1082.91184847,1.863181526925819,Buy,1.86092,1.86114,N/A,N/A,N/A,N/A
411901590,2025-04-08 07:37:10,XRPUSD,198.0,1.86136,Buy,N/A,N/A,N/A,N/A,N/A,N/A
411901714,2025-04-08 07:37:19,XRPUSD,29.0,1.86202,Buy,N/A,N/A,N/A,N/A,N/A,N/A
411901739,2025-04-08 07:37:20,XRPUSD,173.0,1.86209,Buy,N/A,N/A,N/A,N/A,N/A,N/A
411901761,2025-04-08 07:37:21,XRPUSD,18.0,1.86207,Buy,N/A,N/A,N/A,N/A,N/A,N/A
411901782,2025-04-08 07:37:23,XRPUSD,2685.25665458,1.86202,Buy,N/A,N/A,N/A,N/A,N/A,N/A
411901783,2025-04-08 07:37:23,XRPUSD,2685.24026978,1.86204,Buy,N/A,N/A,N/A,N/A,N/A,N/A
411901784,2025-04-08 07:37:23,XRPUSD,2685.08275425,1.86214,Buy,N/A,N/A,N/A,N/A,N/A,N/A
411901800,2025-04-08 07:37:24,XRPUSD,1343.0,1.86215,Buy,N/A,N/A,N/A,N/A,N/A,N/A
411901802,2025-04-08 07:37:24,XRPUSD,14.4334565,1.86211,Buy,N/A,N/A,N/A,N/A,N/A,N/A
411902132,2025-04-08 07:37:49,XRPUSD,5.359,1.86192,Buy,N/A,N/A,N/A,N/A,N/A,N/A
2025-04-08 07:37_summary,2025-04-08 07:37:00,XRPUSD,9836.372135110001,1.862064081073899,Buy,1.86124,1.86134,N/A,N/A,N/A,N/A
411902599,2025-04-08 07:38:21,XRPUSD,641.25,1.86293,Buy,N/A,N/A,N/A,N/A,N/A,N/A
411902600,2025-04-08 07:38:21,XRPUSD,1589.75,1.86297,Buy,N/A,N/A,N/A,N/A,N/A,N/A
411902923,2025-04-08 07:38:44,XRPUSD,257.0,1.86245,Buy,N/A,N/A,N/A,N/A,N/A,N/A
411902996,2025-04-08 07:38:49,XRPUSD,2684.21840442,1.86274,Buy,N/A,N/A,N/A,N/A,N/A,N/A
411903009,2025-04-08 07:38:50,XRPUSD,14.0,1.86278,Buy,N/A,N/A,N/A,N/A,N/A,N/A
2025-04-08 07:38_summary,2025-04-08 07:38:00,XRPUSD,5186.21840442,1.862819732469355,Buy,1.86273,1.86274,N/A,N/A,N/A,N/A
411903208,2025-04-08 07:39:03,XRPUSD,211.0,1.86224,Buy,N/A,N/A,N/A,N/A,N/A,N/A
411903473,2025-04-08 07:39:23,XRPUSD,119.0,1.8625,Buy,N/A,N/A,N/A,N/A,N/A,N/A
411903511,2025-04-08 07:39:25,XRPUSD,53.238,1.86261,Buy,N/A,N/A,N/A,N/A,N/A,N/A
411903670,2025-04-08 07:39:37,XRPUSD,200.0,1.86437,Buy,N/A,N/A,N/A,N/A,N/A,N/A
411903672,2025-04-08 07:39:37,XRPUSD,87.0,1.86448,Buy,N/A,N/A,N/A,N/A,N/A,N/A
411903728,2025-04-08 07:39:41,XRPUSD,186.0,1.86412,Buy,N/A,N/A,N/A,N/A,N/A,N/A
411903837,2025-04-08 07:39:49,XRPUSD,11.0,1.86288,Buy,N/A,N/A,N/A,N/A,N/A,N/A
2025-04-08 07:39_summary,2025-04-08 07:39:00,XRPUSD,867.238,1.8634256469158408,Buy,1.86202,1.86219,N/A,N/A,N/A,N/A
411904077,2025-04-08 07:40:06,XRPUSD,202.0,1.86309,Buy,N/A,N/A,N/A,N/A,N/A,N/A
411904108,2025-04-08 07:40:08,XRPUSD,2684.36705871,1.86264,Buy,N/A,N/A,N/A,N/A,N/A,N/A
411904109,2025-04-08 07:40:08,XRPUSD,1592.5445461,1.86271,Buy,N/A,N/A,N/A,N/A,N/A,N/A
411904190,2025-04-08 07:40:13,XRPUSD,30.0,1.8623,Buy,N/A,N/A,N/A,N/A,N/A,N/A
411904321,2025-04-08 07:40:30,XRPUSD,630.0,1.86238,Buy,N/A,N/A,N/A,N/A,N/A,N/A
411904343,2025-04-08 07:40:40,XRPUSD,15.15785077,1.86149,Buy,N/A,N/A,N/A,N/A,N/A,N/A
411904378,2025-04-08 07:40:52,XRPUSD,278.0,1.86264,Buy,N/A,N/A,N/A,N/A,N/A,N/A
2025-04-08 07:40_summary,2025-04-08 07:40:00,XRPUSD,5432.06945558,1.8626420151785488,Buy,1.86015,1.86162,N/A,N/A,N/A,N/A
411904487,2025-04-08 07:41:30,XRPUSD,837.0,1.8637,Buy,N/A,N/A,N/A,N/A,N/A,N/A
411904490,2025-04-08 07:41:32,XRPUSD,1000.0,1.86495,Buy,N/A,N/A,N/A,N/A,N/A,N/A
411904500,2025-04-08 07:41:43,XRPUSD,250.0,1.86468,Buy,N/A,N/A,N/A,N/A,N/A,N/A
2025-04-08 07:41_summary,2025-04-08 07:41:00,XRPUSD,2087.0,1.8644163392429325,Buy,1.8649,1.86546,N/A,N/A,N/A,N/A
411904692,2025-04-08 07:42:14,XRPUSD,1710.0,1.86393,Buy,N/A,N/A,N/A,N/A,N/A,N/A
411904693,2025-04-08 07:42:15,XRPUSD,117.0,1.8639,Buy,N/A,N/A,N/A,N/A,N/A,N/A
411904762,2025-04-08 07:42:38,XRPUSD,405.0,1.86536,Buy,N/A,N/A,N/A,N/A,N/A,N/A
2025-04-08 07:42_summary,2025-04-08 07:42:00,XRPUSD,2232.0,1.8641879032258064,Buy,1.86494,1.86496,N/A,N/A,N/A,N/A
411904850,2025-04-08 07:43:06,XRPUSD,55.0,1.86342,Buy,N/A,N/A,N/A,N/A,N/A,N/A
411904886,2025-04-08 07:43:15,XRPUSD,1000.0,1.86295,Buy,N/A,N/A,N/A,N/A,N/A,N/A
411904893,2025-04-08 07:43:16,XRPUSD,1000.0,1.86301,Buy,N/A,N/A,N/A,N/A,N/A,N/A
411904899,2025-04-08 07:43:18,XRPUSD,199.0,1.86344,Buy,N/A,N/A,N/A,N/A,N/A,N/A
411904931,2025-04-08 07:43:26,XRPUSD,179.0,1.8623,Buy,N/A,N/A,N/A,N/A,N/A,N/A
411904933,2025-04-08 07:43:27,XRPUSD,1000.0,1.86281,Buy,N/A,N/A,N/A,N/A,N/A,N/A
411904940,2025-04-08 07:43:32,XRPUSD,267.0,1.86288,Buy,N/A,N/A,N/A,N/A,N/A,N/A
411904941,2025-04-08 07:43:32,XRPUSD,22.58984606,1.86272,Buy,N/A,N/A,N/A,N/A,N/A,N/A
411904966,2025-04-08 07:43:35,XRPUSD,23.21317,1.86222,Buy,N/A,N/A,N/A,N/A,N/A,N/A
2025-04-08 07:43_summary,2025-04-08 07:43:00,XRPUSD,3745.80301606,1.8629196136507435,Buy,1.86236,1.86275,N/A,N/A,N/A,N/A
411905087,2025-04-08 07:44:21,XRPUSD,135.0,1.86387,Buy,N/A,N/A,N/A,N/A,N/A,N/A
411905145,2025-04-08 07:44:36,XRPUSD,135.0,1.86368,Buy,N/A,N/A,N/A,N/A,N/A,N/A
411905147,2025-04-08 07:44:38,XRPUSD,2280.41420047,1.8637,Buy,N/A,N/A,N/A,N/A,N/A,N/A
411905148,2025-04-08 07:44:38,XRPUSD,2682.73305387,1.86378,Buy,N/A,N/A,N/A,N/A,N/A,N/A
411905149,2025-04-08 07:44:38,XRPUSD,401.69568477,1.86391,Buy,N/A,N/A,N/A,N/A,N/A,N/A
411905150,2025-04-08 07:44:39,XRPUSD,1000.0,1.86422,Buy,N/A,N/A,N/A,N/A,N/A,N/A
411905176,2025-04-08 07:44:48,XRPUSD,2682.01494418,1.86427,Buy,N/A,N/A,N/A,N/A,N/A,N/A
411905177,2025-04-08 07:44:48,XRPUSD,2681.97141663,1.86431,Buy,N/A,N/A,N/A,N/A,N/A,N/A
411905178,2025-04-08 07:44:48,XRPUSD,5363.77872956,1.86436,Buy,N/A,N/A,N/A,N/A,N/A,N/A
411905187,2025-04-08 07:44:52,XRPUSD,5361.47860317,1.86516,Buy,N/A,N/A,N/A,N/A,N/A,N/A
411905189,2025-04-08 07:44:52,XRPUSD,2681.30668643,1.86477,Buy,N/A,N/A,N/A,N/A,N/A,N/A
411905207,2025-04-08 07:45:02,XRPUSD,26.63214897,1.86466,Buy,N/A,N/A,N/A,N/A,N/A,N/A
411905209,2025-04-08 07:45:02,XRPUSD,2654.82184264,1.86466,Buy,N/A,N/A,N/A,N/A,N/A,N/A
411905210,2025-04-08 07:45:02,XRPUSD,2482.7,1.86474,Buy,N/A,N/A,N/A,N/A,N/A,N/A
411905211,2025-04-08 07:45:02,XRPUSD,2681.3,1.86474,Buy,N/A,N/A,N/A,N/A,N/A,N/A
2025-04-08 07:44_summary,2025-04-08 07:44:00,XRPUSD,25405.39331908,1.8644179903285873,Buy,1.86474,1.86475,N/A,N/A,N/A,N/A
411905214,2025-04-08 07:45:04,XRPUSD,4021.13993664,1.86506,Buy,N/A,N/A,N/A,N/A,N/A,N/A
411905215,2025-04-08 07:45:04,XRPUSD,2680.67064706,1.86521,Buy,N/A,N/A,N/A,N/A,N/A,N/A
411905216,2025-04-08 07:45:04,XRPUSD,2482.7,1.86528,Buy,N/A,N/A,N/A,N/A,N/A,N/A
411905217,2025-04-08 07:45:04,XRPUSD,2681.3,1.86535,Buy,N/A,N/A,N/A,N/A,N/A,N/A
411905240,2025-04-08 07:45:09,XRPUSD,200.0,1.86499,Buy,N/A,N/A,N/A,N/A,N/A,N/A
411905241,2025-04-08 07:45:09,XRPUSD,620.37533512,1.86499,Buy,N/A,N/A,N/A,N/A,N/A,N/A
411905346,2025-04-08 07:45:39,XRPUSD,24.172,1.86371,Buy,N/A,N/A,N/A,N/A,N/A,N/A
411905378,2025-04-08 07:45:47,XRPUSD,137.0,1.86513,Buy,N/A,N/A,N/A,N/A,N/A,N/A
411905410,2025-04-08 07:46:00,XRPUSD,196.0,1.86616,Buy,N/A,N/A,N/A,N/A,N/A,N/A
2025-04-08 07:45_summary,2025-04-08 07:45:00,XRPUSD,20692.81191043,1.8650078244678532,Buy,1.86606,1.86613,N/A,N/A,N/A,N/A
411905414,2025-04-08 07:46:03,XRPUSD,267.38827564,1.86589,Buy,N/A,N/A,N/A,N/A,N/A,N/A
411905419,2025-04-08 07:46:05,XRPUSD,53.245,1.86594,Buy,N/A,N/A,N/A,N/A,N/A,N/A
411905482,2025-04-08 07:46:27,XRPUSD,136.0,1.86706,Buy,N/A,N/A,N/A,N/A,N/A,N/A
411905483,2025-04-08 07:46:29,XRPUSD,2677.4694503,1.86744,Buy,N/A,N/A,N/A,N/A,N/A,N/A
411905484,2025-04-08 07:46:29,XRPUSD,2677.4191821,1.86747,Buy,N/A,N/A,N/A,N/A,N/A,N/A
411905485,2025-04-08 07:46:29,XRPUSD,4016.89915015,1.86748,Buy,N/A,N/A,N/A,N/A,N/A,N/A
411905486,2025-04-08 07:46:29,XRPUSD,5354.57587689,1.86757,Buy,N/A,N/A,N/A,N/A,N/A,N/A
411905488,2025-04-08 07:46:31,XRPUSD,641.25,1.86833,Buy,N/A,N/A,N/A,N/A,N/A,N/A
411905489,2025-04-08 07:46:31,XRPUSD,2676.14378385,1.86836,Buy,N/A,N/A,N/A,N/A,N/A,N/A
411905490,2025-04-08 07:46:31,XRPUSD,641.25,1.86837,Buy,N/A,N/A,N/A,N/A,N/A,N/A
411905491,2025-04-08 07:46:31,XRPUSD,2673.7,1.8684,Buy,N/A,N/A,N/A,N/A,N/A,N/A
411905492,2025-04-08 07:46:31,XRPUSD,2482.7,1.86844,Buy,N/A,N/A,N/A,N/A,N/A,N/A
411905493,2025-04-08 07:46:31,XRPUSD,643.40845523,1.86845,Buy,N/A,N/A,N/A,N/A,N/A,N/A
411905494,2025-04-08 07:46:31,XRPUSD,641.25,1.8685,Buy,N/A,N/A,N/A,N/A,N/A,N/A
411905495,2025-04-08 07:46:31,XRPUSD,2037.46010822,1.86864,Buy,N/A,N/A,N/A,N/A,N/A,N/A
411905496,2025-04-08 07:46:31,XRPUSD,260.40513831,1.86866,Buy,N/A,N/A,N/A,N/A,N/A,N/A
411905497,2025-04-08 07:46:31,XRPUSD,641.25,1.86871,Buy,N/A,N/A,N/A,N/A,N/A,N/A
411905499,2025-04-08 07:46:31,XRPUSD,12.24905044,1.86862,Buy,N/A,N/A,N/A,N/A,N/A,N/A
411905508,2025-04-08 07:46:38,XRPUSD,1000.0,1.86958,Buy,N/A,N/A,N/A,N/A,N/A,N/A
411905528,2025-04-08 07:46:49,XRPUSD,2675.66521889,1.8687,Buy,N/A,N/A,N/A,N/A,N/A,N/A
411905529,2025-04-08 07:46:50,XRPUSD,965.0,1.86888,Buy,N/A,N/A,N/A,N/A,N/A,N/A
2025-04-08 07:46_summary,2025-04-08 07:46:00,XRPUSD,33370.728690020005,1.8680585297014278,Buy,1.86902,1.86919,N/A,N/A,N/A,N/A
411905563,2025-04-08 07:47:04,XRPUSD,8.0213,1.87,Buy,N/A,N/A,N/A,N/A,N/A,N/A
411905564,2025-04-08 07:47:04,XRPUSD,9.037e-05,1.87,Buy,N/A,N/A,N/A,N/A,N/A,N/A
411905581,2025-04-08 07:47:13,XRPUSD,592.0,1.86987,Buy,N/A,N/A,N/A,N/A,N/A,N/A
411905599,2025-04-08 07:47:20,XRPUSD,169.0,1.87006,Buy,N/A,N/A,N/A,N/A,N/A,N/A
411905617,2025-04-08 07:47:28,XRPUSD,147.0,1.86956,Buy,N/A,N/A,N/A,N/A,N/A,N/A
2025-04-08 07:47_summary,2025-04-08 07:47:00,XRPUSD,916.02139037,1.8698564444003358,Buy,1.86797,1.86798,N/A,N/A,N/A,N/A
411905779,2025-04-08 07:48:14,XRPUSD,1000.0,1.8671,Buy,N/A,N/A,N/A,N/A,N/A,N/A
411905789,2025-04-08 07:48:18,XRPUSD,1000.0,1.86748,Buy,N/A,N/A,N/A,N/A,N/A,N/A
411905792,2025-04-08 07:48:19,XRPUSD,1000.0,1.8671,Buy,N/A,N/A,N/A,N/A,N/A,N/A
411905793,2025-04-08 07:48:20,XRPUSD,218.0,1.86713,Buy,N/A,N/A,N/A,N/A,N/A,N/A
411905812,2025-04-08 07:48:31,XRPUSD,1000.0,1.8672,Buy,N/A,N/A,N/A,N/A,N/A,N/A
411905813,2025-04-08 07:48:32,XRPUSD,1000.0,1.8671,Buy,N/A,N/A,N/A,N/A,N/A,N/A
411905830,2025-04-08 07:48:36,XRPUSD,443.0,1.86656,Buy,N/A,N/A,N/A,N/A,N/A,N/A
411905846,2025-04-08 07:48:42,XRPUSD,1000.0,1.86652,Buy,N/A,N/A,N/A,N/A,N/A,N/A
411905901,2025-04-08 07:48:58,XRPUSD,156.0,1.86338,Buy,N/A,N/A,N/A,N/A,N/A,N/A
411905902,2025-04-08 07:48:58,XRPUSD,524.28226455,1.86338,Buy,N/A,N/A,N/A,N/A,N/A,N/A
411905913,2025-04-08 07:49:00,XRPUSD,53.182,1.86398,Buy,N/A,N/A,N/A,N/A,N/A,N/A
2025-04-08 07:48_summary,2025-04-08 07:48:00,XRPUSD,7341.28226455,1.8667099686783668,Buy,1.86298,1.86348,N/A,N/A,N/A,N/A
411905940,2025-04-08 07:49:11,XRPUSD,1440.0,1.86131,Buy,N/A,N/A,N/A,N/A,N/A,N/A
411905971,2025-04-08 07:49:25,XRPUSD,13.344,1.86169,Buy,N/A,N/A,N/A,N/A,N/A,N/A
411905973,2025-04-08 07:49:25,XRPUSD,244.0,1.86165,Buy,N/A,N/A,N/A,N/A,N/A,N/A
411906003,2025-04-08 07:49:42,XRPUSD,4.759,1.86023,Buy,N/A,N/A,N/A,N/A,N/A,N/A
411906030,2025-04-08 07:49:50,XRPUSD,677.0,1.85945,Buy,N/A,N/A,N/A,N/A,N/A,N/A
2025-04-08 07:49_summary,2025-04-08 07:49:00,XRPUSD,2432.285,1.8608847484114734,Buy,1.85748,1.85802,N/A,N/A,N/A,N/A
411906057,2025-04-08 07:50:08,XRPUSD,26.745,1.85744,Buy,N/A,N/A,N/A,N/A,N/A,N/A
411906113,2025-04-08 07:50:22,XRPUSD,1079.83292912,1.85547,Buy,N/A,N/A,N/A,N/A,N/A,N/A
411906133,2025-04-08 07:50:34,XRPUSD,1000.0,1.85438,Buy,N/A,N/A,N/A,N/A,N/A,N/A
411906134,2025-04-08 07:50:35,XRPUSD,1000.0,1.85449,Buy,N/A,N/A,N/A,N/A,N/A,N/A
411906136,2025-04-08 07:50:36,XRPUSD,1000.0,1.85473,Buy,N/A,N/A,N/A,N/A,N/A,N/A
411906139,2025-04-08 07:50:39,XRPUSD,1000.0,1.85437,Buy,N/A,N/A,N/A,N/A,N/A,N/A
411906142,2025-04-08 07:50:40,XRPUSD,18.54389022,1.85405,Buy,N/A,N/A,N/A,N/A,N/A,N/A
411906143,2025-04-08 07:50:41,XRPUSD,1000.0,1.85405,Buy,N/A,N/A,N/A,N/A,N/A,N/A
411906144,2025-04-08 07:50:41,XRPUSD,339.75485504,1.85413,Buy,N/A,N/A,N/A,N/A,N/A,N/A
411906145,2025-04-08 07:50:41,XRPUSD,660.24514496,1.85418,Buy,N/A,N/A,N/A,N/A,N/A,N/A
411906155,2025-04-08 07:50:42,XRPUSD,1000.0,1.85428,Buy,N/A,N/A,N/A,N/A,N/A,N/A
411906156,2025-04-08 07:50:43,XRPUSD,1000.0,1.85421,Buy,N/A,N/A,N/A,N/A,N/A,N/A
411906163,2025-04-08 07:50:44,XRPUSD,1000.0,1.85417,Buy,N/A,N/A,N/A,N/A,N/A,N/A
411906165,2025-04-08 07:50:45,XRPUSD,1000.0,1.85446,Buy,N/A,N/A,N/A,N/A,N/A,N/A
411906166,2025-04-08 07:50:47,XRPUSD,1000.0,1.85494,Buy,N/A,N/A,N/A,N/A,N/A,N/A
411906177,2025-04-08 07:50:52,XRPUSD,252.0,1.85512,Buy,N/A,N/A,N/A,N/A,N/A,N/A
2025-04-08 07:50_summary,2025-04-08 07:50:00,XRPUSD,12377.12181934,1.8545013715424428,Buy,1.8541,1.85541,N/A,N/A,N/A,N/A
411906216,2025-04-08 07:51:04,XRPUSD,209.1415,1.85546,Buy,N/A,N/A,N/A,N/A,N/A,N/A
411906217,2025-04-08 07:51:04,XRPUSD,71.2289,1.85546,Buy,N/A,N/A,N/A,N/A,N/A,N/A
411906218,2025-04-08 07:51:05,XRPUSD,5.3e-05,1.85546,Buy,N/A,N/A,N/A,N/A,N/A,N/A
411906242,2025-04-08 07:51:10,XRPUSD,1000.0,1.85718,Buy,N/A,N/A,N/A,N/A,N/A,N/A
411906268,2025-04-08 07:51:16,XRPUSD,2692.52239335,1.857,Buy,N/A,N/A,N/A,N/A,N/A,N/A
411906269,2025-04-08 07:51:16,XRPUSD,2482.7,1.85717,Buy,N/A,N/A,N/A,N/A,N/A,N/A
411906270,2025-04-08 07:51:16,XRPUSD,4300.77760665,1.85718,Buy,N/A,N/A,N/A,N/A,N/A,N/A
411906315,2025-04-08 07:51:35,XRPUSD,1000.0,1.8598,Buy,N/A,N/A,N/A,N/A,N/A,N/A
411906318,2025-04-08 07:51:36,XRPUSD,781.0,1.86021,Buy,N/A,N/A,N/A,N/A,N/A,N/A
411906334,2025-04-08 07:51:43,XRPUSD,119.0,1.86067,Buy,N/A,N/A,N/A,N/A,N/A,N/A
411906338,2025-04-08 07:51:45,XRPUSD,193.0,1.86029,Buy,N/A,N/A,N/A,N/A,N/A,N/A
2025-04-08 07:51_summary,2025-04-08 07:51:00,XRPUSD,12849.370453,1.8575699219660893,Buy,1.85958,1.85971,N/A,N/A,N/A,N/A
411906397,2025-04-08 07:52:13,XRPUSD,965.0,1.86061,Buy,N/A,N/A,N/A,N/A,N/A,N/A
411906431,2025-04-08 07:52:28,XRPUSD,134.0,1.86024,Buy,N/A,N/A,N/A,N/A,N/A,N/A
411906432,2025-04-08 07:52:29,XRPUSD,462.423396,1.86013,Buy,N/A,N/A,N/A,N/A,N/A,N/A
411906438,2025-04-08 07:52:30,XRPUSD,54.00698736,1.85998,Buy,N/A,N/A,N/A,N/A,N/A,N/A
411906439,2025-04-08 07:52:30,XRPUSD,1000.0,1.86044,Buy,N/A,N/A,N/A,N/A,N/A,N/A
411906443,2025-04-08 07:52:31,XRPUSD,1000.0,1.86134,Buy,N/A,N/A,N/A,N/A,N/A,N/A
411906446,2025-04-08 07:52:32,XRPUSD,1000.0,1.86142,Buy,N/A,N/A,N/A,N/A,N/A,N/A
411906450,2025-04-08 07:52:35,XRPUSD,1000.0,1.86171,Buy,N/A,N/A,N/A,N/A,N/A,N/A
411906455,2025-04-08 07:52:36,XRPUSD,1000.0,1.86173,Buy,N/A,N/A,N/A,N/A,N/A,N/A
411906457,2025-04-08 07:52:37,XRPUSD,1000.0,1.86169,Buy,N/A,N/A,N/A,N/A,N/A,N/A
411906458,2025-04-08 07:52:38,XRPUSD,1000.0,1.86141,Buy,N/A,N/A,N/A,N/A,N/A,N/A
411906461,2025-04-08 07:52:39,XRPUSD,598.25368,1.86125,Buy,N/A,N/A,N/A,N/A,N/A,N/A
411906462,2025-04-08 07:52:39,XRPUSD,1000.0,1.86127,Buy,N/A,N/A,N/A,N/A,N/A,N/A
411906465,2025-04-08 07:52:40,XRPUSD,1000.0,1.86132,Buy,N/A,N/A,N/A,N/A,N/A,N/A
411906467,2025-04-08 07:52:41,XRPUSD,1000.0,1.86132,Buy,N/A,N/A,N/A,N/A,N/A,N/A
411906468,2025-04-08 07:52:42,XRPUSD,1000.0,1.86136,Buy,N/A,N/A,N/A,N/A,N/A,N/A
411906485,2025-04-08 07:52:49,XRPUSD,67.0,1.86157,Buy,N/A,N/A,N/A,N/A,N/A,N/A
411906489,2025-04-08 07:52:52,XRPUSD,189.0,1.86149,Buy,N/A,N/A,N/A,N/A,N/A,N/A
411906507,2025-04-08 07:53:00,XRPUSD,25.469465,1.86177,Buy,N/A,N/A,N/A,N/A,N/A,N/A
2025-04-08 07:52_summary,2025-04-08 07:52:00,XRPUSD,13469.68406336,1.8612490613679276,Buy,1.8616,1.86178,N/A,N/A,N/A,N/A
411906527,2025-04-08 07:53:07,XRPUSD,287.0,1.86221,Buy,N/A,N/A,N/A,N/A,N/A,N/A
411906557,2025-04-08 07:53:20,XRPUSD,2684.85206465,1.8623,Buy,N/A,N/A,N/A,N/A,N/A,N/A
411906558,2025-04-08 07:53:21,XRPUSD,460.0,1.86233,Buy,N/A,N/A,N/A,N/A,N/A,N/A
411906614,2025-04-08 07:53:40,XRPUSD,136.0,1.86354,Buy,N/A,N/A,N/A,N/A,N/A,N/A
411906632,2025-04-08 07:53:48,XRPUSD,10.78342181,1.86162,Buy,N/A,N/A,N/A,N/A,N/A,N/A
2025-04-08 07:53_summary,2025-04-08 07:53:00,XRPUSD,3604.1049514600004,1.8623376732804808,Buy,1.86177,1.86193,N/A,N/A,N/A,N/A
411906662,2025-04-08 07:54:05,XRPUSD,156.0,1.86192,Buy,N/A,N/A,N/A,N/A,N/A,N/A
411906671,2025-04-08 07:54:08,XRPUSD,143.0,1.86186,Buy,N/A,N/A,N/A,N/A,N/A,N/A
411906697,2025-04-08 07:54:21,XRPUSD,13.42714431,1.8618,Buy,N/A,N/A,N/A,N/A,N/A,N/A
411906698,2025-04-08 07:54:21,XRPUSD,470.23612725,1.86194,Buy,N/A,N/A,N/A,N/A,N/A,N/A
411906713,2025-04-08 07:54:36,XRPUSD,225.0,1.86192,Buy,N/A,N/A,N/A,N/A,N/A,N/A
411906730,2025-04-08 07:54:55,XRPUSD,183.0,1.86266,Buy,N/A,N/A,N/A,N/A,N/A,N/A
411906736,2025-04-08 07:54:59,XRPUSD,287.0,1.86267,Buy,N/A,N/A,N/A,N/A,N/A,N/A
2025-04-08 07:54_summary,2025-04-08 07:54:00,XRPUSD,1477.6632715599999,1.8621567815942655,Buy,1.86204,1.86205,N/A,N/A,N/A,N/A
411906781,2025-04-08 07:55:10,XRPUSD,1762.0,1.8617,Buy,N/A,N/A,N/A,N/A,N/A,N/A
411906827,2025-04-08 07:55:17,XRPUSD,1.054,1.86149,Buy,N/A,N/A,N/A,N/A,N/A,N/A
411906834,2025-04-08 07:55:25,XRPUSD,344.0,1.86155,Buy,N/A,N/A,N/A,N/A,N/A,N/A
411906844,2025-04-08 07:55:31,XRPUSD,20.93959731,1.86256,Buy,N/A,N/A,N/A,N/A,N/A,N/A
411906850,2025-04-08 07:55:35,XRPUSD,154.0,1.86242,Buy,N/A,N/A,N/A,N/A,N/A,N/A
411906859,2025-04-08 07:55:41,XRPUSD,1000.0,1.86314,Buy,N/A,N/A,N/A,N/A,N/A,N/A
411906867,2025-04-08 07:55:44,XRPUSD,186.0,1.86287,Buy,N/A,N/A,N/A,N/A,N/A,N/A
2025-04-08 07:55_summary,2025-04-08 07:55:00,XRPUSD,3467.99359731,1.862200198937804,Buy,1.86468,1.86481,N/A,N/A,N/A,N/A
411906933,2025-04-08 07:56:09,XRPUSD,502.0,1.86543,Buy,N/A,N/A,N/A,N/A,N/A,N/A
411906934,2025-04-08 07:56:09,XRPUSD,1000.0,1.86491,Buy,N/A,N/A,N/A,N/A,N/A,N/A
411907011,2025-04-08 07:56:42,XRPUSD,9.88553973,1.86731,Buy,N/A,N/A,N/A,N/A,N/A,N/A
411907014,2025-04-08 07:56:45,XRPUSD,1000.0,1.86735,Buy,N/A,N/A,N/A,N/A,N/A,N/A
2025-04-08 07:56_summary,2025-04-08 07:56:00,XRPUSD,2511.88553973,1.8659947489872668,Buy,1.86823,1.86825,N/A,N/A,N/A,N/A
411907085,2025-04-08 07:57:09,XRPUSD,234.0,1.8685,Buy,N/A,N/A,N/A,N/A,N/A,N/A
411907125,2025-04-08 07:57:12,XRPUSD,1000.0,1.86823,Buy,N/A,N/A,N/A,N/A,N/A,N/A
411907153,2025-04-08 07:57:18,XRPUSD,12.60286,1.86797,Buy,N/A,N/A,N/A,N/A,N/A,N/A
411907204,2025-04-08 07:57:26,XRPUSD,199.0,1.86675,Buy,N/A,N/A,N/A,N/A,N/A,N/A
411907237,2025-04-08 07:57:43,XRPUSD,238.0,1.86723,Buy,N/A,N/A,N/A,N/A,N/A,N/A
411907257,2025-04-08 07:57:48,XRPUSD,139.0,1.86741,Buy,N/A,N/A,N/A,N/A,N/A,N/A
411907284,2025-04-08 07:57:56,XRPUSD,226.78923055,1.8689,Buy,N/A,N/A,N/A,N/A,N/A,N/A
411907286,2025-04-08 07:57:57,XRPUSD,12.39083681,1.8693,Buy,N/A,N/A,N/A,N/A,N/A,N/A
411907287,2025-04-08 07:57:58,XRPUSD,193.0,1.86876,Buy,N/A,N/A,N/A,N/A,N/A,N/A
2025-04-08 07:57_summary,2025-04-08 07:57:00,XRPUSD,2254.78292736,1.868088478721001,Buy,1.86882,1.86897,N/A,N/A,N/A,N/A
411907299,2025-04-08 07:58:09,XRPUSD,1360.0,1.86905,Buy,N/A,N/A,N/A,N/A,N/A,N/A
411907325,2025-04-08 07:58:25,XRPUSD,2000.07476015,1.86998,Buy,N/A,N/A,N/A,N/A,N/A,N/A
411907331,2025-04-08 07:58:26,XRPUSD,48.37487812,1.86976,Buy,N/A,N/A,N/A,N/A,N/A,N/A
411907338,2025-04-08 07:58:33,XRPUSD,173.0,1.87001,Buy,N/A,N/A,N/A,N/A,N/A,N/A
411907385,2025-04-08 07:58:41,XRPUSD,2316.0,1.86951,Buy,N/A,N/A,N/A,N/A,N/A,N/A
2025-04-08 07:58_summary,2025-04-08 07:58:00,XRPUSD,5897.44963827,1.8695800351647127,Buy,1.86752,1.86767,N/A,N/A,N/A,N/A
411907492,2025-04-08 07:59:15,XRPUSD,1000.0,1.86734,Buy,N/A,N/A,N/A,N/A,N/A,N/A
411907498,2025-04-08 07:59:16,XRPUSD,1000.0,1.86734,Buy,N/A,N/A,N/A,N/A,N/A,N/A
411907503,2025-04-08 07:59:18,XRPUSD,12.179,1.86667,Buy,N/A,N/A,N/A,N/A,N/A,N/A
411907529,2025-04-08 07:59:28,XRPUSD,136.0,1.86757,Buy,N/A,N/A,N/A,N/A,N/A,N/A
411907553,2025-04-08 07:59:39,XRPUSD,163.0,1.86767,Buy,N/A,N/A,N/A,N/A,N/A,N/A
411907554,2025-04-08 07:59:39,XRPUSD,174.0,1.86767,Buy,N/A,N/A,N/A,N/A,N/A,N/A
411907567,2025-04-08 07:59:48,XRPUSD,2304.0,1.8677,Buy,N/A,N/A,N/A,N/A,N/A,N/A
411907617,2025-04-08 08:00:00,XRPUSD,722.0,1.86766,Buy,N/A,N/A,N/A,N/A,N/A,N/A
411907619,2025-04-08 08:00:00,XRPUSD,278.0,1.86713,Buy,N/A,N/A,N/A,N/A,N/A,N/A
2025-04-08 07:59_summary,2025-04-08 07:59:00,XRPUSD,4789.179,1.8675412390996455,Buy,1.86723,1.8673,N/A,N/A,N/A,N/A
411907624,2025-04-08 08:00:04,XRPUSD,166.0,1.86726,Buy,N/A,N/A,N/A,N/A,N/A,N/A
411907653,2025-04-08 08:00:14,XRPUSD,7.24652606,1.86651,Buy,N/A,N/A,N/A,N/A,N/A,N/A
411907661,2025-04-08 08:00:18,XRPUSD,331.0,1.86636,Buy,N/A,N/A,N/A,N/A,N/A,N/A
411907688,2025-04-08 08:00:27,XRPUSD,2411.88906854,1.86576,Buy,N/A,N/A,N/A,N/A,N/A,N/A
411907689,2025-04-08 08:00:27,XRPUSD,0.11093146,1.86576,Buy,N/A,N/A,N/A,N/A,N/A,N/A
411907708,2025-04-08 08:00:39,XRPUSD,239.95,1.86636,Buy,N/A,N/A,N/A,N/A,N/A,N/A
411907729,2025-04-08 08:00:46,XRPUSD,24.339937,1.86639,Buy,N/A,N/A,N/A,N/A,N/A,N/A
411907735,2025-04-08 08:00:54,XRPUSD,13.61225692,1.86672,Buy,N/A,N/A,N/A,N/A,N/A,N/A
411907750,2025-04-08 08:01:00,XRPUSD,206.0,1.86679,Buy,N/A,N/A,N/A,N/A,N/A,N/A
